2800 4684
548 190 809 301 ’ζον-

192 398 286 458 Nam
301 417 365 459 oum
380 396 475 470 leone,
490 414 556 455 oum
572 398 701 468 exootra,
717 413 791 454 oum
807 412 903 468 oervo,
927 413 993 455 oum
1008 412 1080 472 apro
1097 391 1247 468 Aetoliae,
1292 422 1295 426 ·

86 530 91 537 ·
209 502 282 562 cum
304 500 409 561 ovibus
429 495 647 576 Stymphalicis,
670 515 737 557 oum
752 501 868 557 Antaeo
881 496 1038 557 ⁴delaotari
1055 496 1155 570 malui,

61 602 63 607 ’
167 601 262 663 Quom
289 616 484 669 oumamoro.
518 596 584 658 Qua
605 597 637 653 ia
659 616 692 653 ro
714 598 771 654 hoo
786 616 846 653 non
869 595 1163 670 praetormittondum
1186 600 1245 665 ost,

165 699 243 761 forte
257 699 377 759 fortuna
394 695 444 757 vel
459 693 627 771 ignorantia
643 692 741 754 Plauti
764 714 818 772 pro
838 693 1051 775 Erymanthioo
1067 712 1139 772 apro
1156 692 1245 753 illurn

167 802 335 864 Aetolicum
356 799 502 860 insertum
518 811 601 871 esse3'
622 797 729 859 deinde
751 817 804 858 suo
827 796 892 858 iure
907 796 1106 873 Kiosslingius
1122 797 1180 858 hoo
1201 815 1245 856 ex

70 909 77 921 ⁴
165 905 231 967 loeo
261 903 402 978 oonieoit,
435 920 591 962 numerum
614 920 822 962 aerumnarum
843 902 994 962 redaotum
1026 919 1092 961 esse
1119 901 1156 960 ad
1186 919 1245 960 sex

166 1026 322 1073 aerumnas
345 1006 471 1066 fortasse
493 1023 512 1064 a
532 1003 639 1065 Plauto
662 1003 737 1082 ipso,
760 1024 829 1064 nam
851 1024 905 1068 our
925 1002 999 1066 dioit
1018 1009 1109 1083 poeta
1128 1006 1243 1066 ‘omnes

165 1105 338 1186 aerumnas',
368 1129 433 1170 oum
464 1127 497 1170 re
527 1128 600 1169 vera
628 1108 717 1168 modo
745 1128 799 1169 sex
828 1107 981 1188 proferat?
1017 1108 1105 1174 Quod
1133 1108 1244 1170 attinet
1286 1176 1292 1187 ,

164 1217 202 1278 ad
229 1213 362 1276 ordinem
383 1231 606 1287 aerumnarum,
637 1213 741 1291 negari
771 1232 831 1274 non
866 1219 984 1293 potest,
1011 1212 1094 1273 illum
1117 1219 1149 1274 et
1170 1232 1242 1274 oon·

70 1309 75 1318 ’
165 1320 275 1382 sentire
297 1337 363 1380 oum
378 1317 516 1379 omnibus
532 1316 807 1378 enumerationibus
822 1319 909 1379 modo
925 1322 1011 1379 soxta
1025 1336 1166 1405 aerumna
1187 1337 1241 1378 ex·

134 1402 136 1408 ,
165 1429 260 1503 oepta,
283 1442 350 1484 uam
372 1423 430 1484 hoo
445 1422 510 1483 loeo
525 1421 636 1483 humei
658 1420 806 1500 proelium
827 1422 974 1483 laudatur.
1008 1422 1066 1484 seo
1089 1421 1140 1504 qui
1162 1422 1241 1483 hano

110 1557 127 1611 s
165 1528 416 1591 enumerationem
446 1525 534 1601 feeit,
564 1545 624 1586 uon
654 1526 750 1587 solum
780 1512 860 1585 ἆθλα
888 1525 1028 1588 Herculis
1060 1526 1171 1601 novit,
1187 1525 1240 1586 sod

165 1633 252 1695 etiam
274 1631 356 1692 illius
377 1649 518 1709 paterga,
549 1630 628 1711 quod
655 1635 841 1708 apparator
863 1630 978 1692 sdieota
999 1649 1100 1710 pugna
1123 1629 1239 1702 humei,

60 1750 63 1755 ’
164 1756 240 1820 quae
268 1734 389 1795 minime
417 1734 449 1794 in
478 1753 601 1794 numero
632 1724 735 1792 ἄθλων
761 1733 899 1795 habenda
930 1741 983 1797 est
1028 1739 1128 1817 Atque
1149 1732 1239 1796 talam

163 1840 299 1902 notitiam
335 1838 498 1901 historiae·
516 1837 658 1899 fabularis
697 1838 875 1901 Graeoornm
914 1840 1051 1901 Plautum
1089 1838 1238 1914 habuisse,

165 1965 251 2007 nemo
278 1950 324 2005 est
353 1941 405 2025 qui
428 1948 529 2022 putot,
562 1962 633 2021 ergo
656 1942 746 2004 etiam
767 1944 825 2005 hoo
845 1944 1036 2005 tribuendum
1059 1950 1105 2007 est
1126 1943 1239 2004 Graeco
1305 1999 1308 2005 .

165 2047 337 2128 exemplari.
381 2046 490 2108 Antaei
503 2067 575 2110 vero
590 2066 720 2125 pugnam
738 2047 972 2109 Atheniensibus
994 2054 1094 2110 notam
1117 2047 1239 2123 colligas

164 2173 204 2215 ox
225 2151 406 2214 ornamentis
422 2150 527 2212 Thesei
550 2150 664 2230 templi,
687 2151 720 2211 in
742 2151 851 2233 quibus
872 2151 1020 2231 proelium
1041 2173 1107 2215 oum
1121 2155 1239 2213 ennea

163 2256 349 2343 oommissum
372 2254 485 2334 piatum
508 2273 572 2315 esse
596 2253 722 2331 seimus,
744 2256 825 2336 quod
849 2244 1004 2335 oppugnat
1025 2255 1240 2331 overbeokiue,

130 2392 132 2395 ·
163 2360 215 2442 qui
237 2358 290 2421 illo
318 2359 384 2421 looo
406 2378 537 2439 pugnam
570 2379 637 2422 oum
659 2357 797 2441 Geryone
819 2366 1052 2440 representatum
1074 2380 1139 2423 esse
1159 2359 1239 2424 veri·

78 2484 80 2488 ·
162 2465 289 2528 similias
320 2470 449 2526 oonseat.
492 2444 631 2546 Denique
659 2465 823 2527 Pausanias
845 2465 901 2528 IX.
927 2472 1016 2542 11,e
1050 2466 1149 2530 neseio
1177 2487 1239 2550 qno
1271 2547 1274 2551 ἵ

161 2570 314 2646 extante,
337 2587 404 2630 oum
426 2568 462 2630 do
484 2567 623 2630 Herculis
644 2568 756 2648 templo
771 2569 912 2633 Thebano
934 2572 1027 2635 verba
1048 2571 1127 2649 iaoit,
1150 2570 1239 2634 oieit:

114 2658 117 2665 ¹
164 2672 310 2753 Θηβαίοις
331 2669 363 2736 bi
383 2668 421 2735 roi
443 2671 475 2736 is
497 2676 559 2747 τοῖς
581 2664 677 2746 ἐντοῖς
700 2672 882 2756 Πραξιτέλης
907 2675 1046 2756 ἐποίησεν
1076 2671 1112 2737 τοὶ
1142 2668 1240 2738 πόλλα

161 2779 220 2841 τοῖν
241 2771 359 2841 odiosa
381 2773 570 2856 neioopivav
591 2771 711 2839 ἄθλων·
744 2779 902 2859 καὶ-σφισι
924 2775 960 2840 roi
982 2778 1013 2854 te
1034 2774 1087 2855 τοὶς
1108 2774 1238 2862 ὄρνιθας

162 2882 243 2947 isaei
260 2876 313 2957 τοὶς
335 2878 384 2947 tut
399 2877 572 2968 Στυμφάλῳ
595 2877 646 2944 καὶ
662 2873 703 2956 οἷς
719 2876 869 2966 ἐκάθηρεν
888 2876 1033 2967 Ἡρακλῆς
1048 2877 1102 2965 τὴν
1118 2877 1240 2946 Ἠλείαν

102 3036 104 3041 .
160 2981 267 3068 χώραν.
290 2980 355 3049 nivei
371 2982 486 3048 τούτων
504 2981 536 3047 δὲ
550 2978 571 3066 ἡ
585 2980 662 3068 πρός
680 2982 820 3048 Ἀνταῖον
840 2984 920 3067 πάλη
943 2992 1111 3067 πεποίηται.
1126 3001 1129 3007 ’
1155 2993 1237 3068 Ergo

161 3112 227 3155 eum
249 3092 326 3154 haee
338 3109 479 3152 aerumna
501 3089 699 3169 ooniuugntur
713 3112 779 3153 aum
802 3094 915 3156 artifioe
930 3094 1108 3156 Atheniensi
1126 3094 1237 3157 saeouli

160 3197 268 3280 quarti,
290 3195 412 3258 dubium
428 3214 492 3257 esso
514 3214 575 3286 uon
596 3202 705 3276 potest,
727 3198 802 3279 quin
823 3197 876 3258 illa
890 3204 952 3259 tum
975 3198 1007 3260 in
1030 3219 1081 3261 ore
1103 3197 1237 3260 omnium

159 3299 260 3362 fuerit.
1124 3285 1126 3289 ἲ

244 3402 361 3463 Deinde
382 3402 519 3464 inversu
536 3407 576 3465 Μ
599 3403 723 3466 Toxilus
744 3407 895 3484 professus
916 3425 948 3467 se
970 3407 1101 3469 saueium
1123 3408 1237 3468 isotum

159 3506 271 3567 esseio
287 3505 413 3567 Veneris
426 3505 550 3585 proelio,
574 3507 754 3589 quaeritanti
771 3509 975 3587 Sagaristioni,
991 3517 1129 3572 ementue
1143 3510 1234 3582 servi,

158 3610 201 3672 sio
221 3607 397 3688 respondeto
432 3611 434 3619 ’
613 3592 618 3601 ’
737 3666 740 3673 .
1254 3620 1255 3623 ’

151 3772 153 3777 ,
177 3795 180 3802 Ι
222 3710 301 3777 Quid
323 3730 379 3790 ego
401 3708 529 3774 iaoismi
551 3712 655 3775 doisne
677 3714 818 3778 advorser
839 3716 926 3797 quasi
948 3716 1072 3779 Titani?
1094 3737 1161 3779 oum

804 3819 865 3880 ‘eis
884 3817 1079 3898 belligerem?

222 3914 338 3982 Quibus
358 3924 405 3980 sat
426 3936 490 3980 osse
511 3936 572 3980 non
593 3918 722 4001 queam?

156 4021 205 4083 Ad
226 4037 357 4100 pugnem
379 4020 499 4083 deorum
528 4038 594 4085 oum
616 4022 735 4100 titanis,
768 4043 855 4106 quam
877 4026 909 4089 bi
930 4046 1035 4089 versus
1056 4026 1233 4106 respioiunt,
