2800 4684
608 275 823 343 ..12-

182 441 282 520 Atque
304 435 441 506 Tithoni,
464 436 515 517 qui
538 455 600 495 non
621 435 722 512 Cyrno
744 439 908 512 prognatus
929 437 990 508 est,
1020 435 1072 494 sed
1094 434 1154 496 init
1175 435 1251 497 Lao·
1331 500 1333 505 ,

179 539 327 600 medontis
358 537 450 612 lilius,
482 537 517 597 lit
544 537 656 598 mantio
686 544 721 599 ut
746 536 929 613 signifloetur
957 555 1050 597 senex
1073 536 1251 616 doorspitus.

178 642 228 704 δίο
241 643 319 721 apud
335 641 462 702 Graecos
483 645 584 702 anthi
595 639 786 717 proverbium
804 638 945 698 Τιθωνοῦ
965 637 1066 718 γῆρας,
1088 639 1124 701 of.
1139 639 1250 701 Zenob.

179 751 208 804 6.
229 749 281 817 ih,
310 744 389 825 quod
418 742 576 804 dilnoidius
605 742 640 802 ht
665 740 719 803 illo
740 741 936 803 Mimnermoo
965 742 1043 820 apud
1064 741 1147 803 Stob.
1169 742 1250 802 Flor.

180 851 249 919 116,
272 850 330 907 aa:
361 843 489 927 Τιθωνῷ
515 838 570 919 μὲν
601 840 711 904 loom
739 838 814 919 δχτιν
843 836 939 903 aanor
960 835 1093 918 ἄφθιτον
1124 834 1143 903 o‘
1174 844 1251 914 Ζτῦς
1379 843 1381 848 '

60 936 68 944 ’
177 948 280 1028 γῆρας,
302 941 321 1008 δ
343 943 394 1007 sol
416 940 553 1008 θανᾶτου
575 942 671 1025 dirtos
693 935 845 1024 δργολδον.
881 945 955 1007 Tum
978 947 1056 1026 apud
1073 946 1250 1024 Aristopha-

177 1068 244 1110 nem
261 1069 354 1112 senex
371 1051 491 1133 qnidam
510 1055 696 1128 eomparatus
714 1064 780 1111 oum
796 1048 927 1109 Tithono
949 1048 982 1109 in
997 1051 1125 1112 hohern.
1140 1071 1169 1113 v.
1187 1053 1247 1111 688

176 1152 371 1215 dosoribiture

257 1246 355 1332 ἄνδρα
381 1246 520 1315 Τιθωνδν
540 1245 718 1333 σπαράττων
739 1250 790 1313 καὶ
811 1249 1033 1334 ταράττονται
1056 1257 1167 1317 ιιοιιοδν.

174 1357 258 1420 Talia
284 1360 528 1439 paratragoduma
558 1378 617 1419 non
648 1356 746 1419 aliena
770 1356 863 1419 fuisse
884 1378 903 1419 a
923 1358 1076 1435 oomoedia
1096 1359 1182 1421 tostis
1203 1366 1250 1421 ost

62 1518 65 1524 .
175 1463 391 1542 Aristophanes
411 1462 442 1524 in
466 1460 624 1524 Eoolesias.
644 1446 674 1523 ν.
699 1463 797 1522 1042ι

378 1555 444 1637 o'r'pr'
458 1562 487 1626 ιδ
506 1554 727 1639 τοιοστήοτοθτ
748 1563 855 1623 τοῦτον
876 1557 929 1624 τδν
950 1556 1044 1639 νόμον

301 1706 303 1709 -
377 1659 510 1747 erispoio
532 1659 652 1727 ἅπασιν
669 1657 844 1728 Οἰδιπόδων
865 1660 1032 1745 δμττλήοεττ.

258 1773 322 1833 lom
345 1771 544 1850 Kiesslinpius
564 1770 584 1833 l
606 1771 626 1833 L
648 1772 779 1850 perbene
801 1772 942 1833 disseruit
961 1771 1036 1832 illud
1059 1772 1246 1833 enuntiatum

172 1875 210 1936 de
231 1875 324 1957 (lyoni
353 1875 416 1939 lilio
445 1896 503 1939 non
532 1874 684 1956 pertinere
712 1875 748 1937 ad
771 1874 948 1950 Tithonum,
977 1893 1081 1936 verum
1103 1873 1245 1936 edilium

172 1980 355 2060 deoropitnm
373 2000 482 2055 senem,
504 1998 638 2042 sooerum
656 1978 842 2042 Menaeohmi
864 1977 995 2054 alterius,
1018 1978 1069 2059 qui
1086 1997 1138 2041 our
1152 1977 1245 2057 (lyoni

172 2082 253 2145 tilius
274 2083 456 2163 appelletur,
479 2102 519 2145 ex
539 2082 767 2164 insequentibus
787 2080 875 2144 indie
895 2089 941 2143 est
960 2080 1125 2143 intelleetu.
1168 2081 1245 2142 Nam

171 2185 383 2248 Menaechmus
403 2182 492 2265 paulo
514 2190 583 2264 post
603 2202 693 2246 versu
716 2187 776 2246 868
800 2184 889 2247 dioit:

212 2289 316 2353 laoiam
339 2291 419 2373 qnod
439 2289 540 2365 iubes,
571 2289 697 2352 mourim
728 2290 841 2369 oapiam
870 2288 1030 2368 anoipitem
1053 2297 1143 2372 atque
1164 2289 1245 2351 huno

988 2412 1089 2454 senem

211 2515 278 2556 osee
299 2496 359 2556 fine
381 2497 525 2555 dedolabo
546 2494 698 2556 assulatim
721 2495 750 2554 ei
772 2496 896 2556 risoera

166 2604 258 2678 atquo
279 2596 390 2658 wouris
411 2596 550 2674 anoipitis
579 2597 630 2658 rel
650 2595 791 2674 bipennis
811 2596 897 2672 siguo
919 2596 1116 2657 Tenediorum
1138 2598 1244 2659 oiritas

167 2696 286 2773 publioe
315 2697 347 2755 in
379 2697 507 2755 nummis
534 2697 689 2767 utebatur,
727 2714 852 2773 eamque
882 2695 947 2772 ipse
979 2697 1102 2772 gerebat
1134 2698 1243 2776 Apollo

167 2796 364 2880 Tenediorum
394 2797 553 2872 πολιοῦχος
580 2801 657 2857 teste
691 2796 823 2856 Aristide
858 2797 1125 2874 paroemiographo
1164 2801 1242 2876 apud

167 2897 351 2975 Stephanum
380 2897 557 2976 Byzantium
587 2918 610 2957 s.
631 2917 661 2959 r.
697 2894 837 2966 Τένεδοςι
866 2893 917 2955 sal
944 2913 1036 2973 φησιν
1062 2890 1243 2978 Ἀριστείδης

166 2994 219 3059 aui
239 2990 321 3059 ir'llos
343 2992 397 3058 τδν
417 2994 450 3060 δν
475 2993 588 3076 roton
608 2990 779 3059 Ἀπόλλωνα
804 2994 930 3058 πέλεκυν
958 2993 1008 3058 διδ
1030 2993 1066 3059 roi
1088 2994 1243 3078 συμβάντα

165 3103 230 3170 τοῖς
247 3096 316 3176 περὶ
335 3096 429 3177 Τένην
442 3100 480 3179 ¹).
511 3092 592 3178 Ergo
607 3101 707 3162 vorbis
722 3100 869 3161 Plautinis
883 3099 961 3159 nihil
975 3102 1160 3179 exprimitur,
1183 3106 1240 3166 nisi

39 3282 41 3287 Α
164 3199 249 3262 illum
277 3219 379 3264 unam
409 3201 593 3281 deerepitum
621 3203 758 3281 oomponi
787 3220 875 3281 possa
903 3222 969 3264 oum
991 3203 1101 3265 Tenedi
1125 3205 1240 3268 insulso

165 3304 330 3366 eonditore.
371 3310 472 3387 Atque
492 3303 575 3366 illius
596 3305 708 3367 Tenuis
733 3305 836 3367 fabule
857 3305 967 3368 Critiae
989 3309 1142 3385 tragoedia
1163 3309 1240 3372 osle-

64 3410 69 3415 '
165 3409 252 3471 brata
277 3416 310 3471 et
336 3407 457 3472 oomiois
485 3414 549 3471 erat
578 3408 754 3490 proverbio,
784 3428 851 3470 nam
873 3409 1022 3473 Zenobiae
1045 3410 1087 3471 v1
1119 3417 1137 3472 9
1171 3431 1239 3491 pro·

163 3511 284 3574 verbio:
310 3507 445 3586 Τενέδιος
465 3504 644 3593 dedporrorz
672 3513 821 3592 explieato
843 3511 943 3591 pergit
964 3508 1108 3592 μδμνητνι
1129 3506 1239 3595 wiltis

234 3688 262 3746 1)
278 3686 357 3735 l'lnrs
373 3686 405 3736 ds
421 3687 469 3736 heo
485 3702 513 3736 re
530 3687 572 3736 vel
589 3687 621 3737 da
638 3685 725 3734 tabule
744 3685 839 3735 Tanais
856 3688 898 3735 vel
916 3688 947 3735 ds
964 3687 1106 3749 proverbiis
1122 3690 1155 3737 ad
1173 3690 1238 3739 hano
1331 3731 1333 3738 .

165 3774 277 3824 fabulam
288 3771 461 3836 spectantibus
471 3773 493 3822 sl
506 3772 563 3836 quis
575 3778 687 3835 queant,
699 3772 774 3822 adeat
784 3772 862 3822 velim
872 3772 947 3823 Paua.
959 3773 1047 3838 Kll,
1067 3776 1237 3836 1,P1utaroh.
1359 3793 1361 3798 ·

37 3892 40 3897 »
164 3860 314 3923 Qoema
332 3861 375 3922 hh,
392 3861 519 3911 Heradid.
531 3859 644 3910 Politian
663 3859 721 3910 llbr.
741 3875 779 3922 ep.
793 3860 850 3922 v11,
868 3860 955 3924 soeph.
967 3863 1030 3926 Byr.
1043 3877 1101 3913 aar.
1119 3859 1237 3929 Τένεδος,

163 3948 291 3998 eohollsst
317 3948 350 3997 ad
365 3947 440 3997 llisd.
457 3947 489 4010 Δ,
507 3948 548 3998 88.
583 3948 648 4012 Nam
672 3947 722 3998 hoo
745 3948 802 3998 loeo
820 3949 852 3998 ds
869 3948 909 3998 his
925 3949 1067 4019 proverbiis
1084 3952 1235 4002 “nuntiam

28 4069 33 4076 .
162 4033 277 4097 prolem
291 4035 368 4097 longe
384 4048 401 4085 s
417 4049 445 4084 rs
461 4034 516 4084 fora
531 4034 615 4084 visum
631 4039 678 4084 eet.
