2800 4684
179 431 251 473 non·
272 410 365 473 semel
392 414 530 489 speotant
557 415 663 489 poetae
694 410 726 471 in
757 409 843 472 Iliad.
868 408 903 471 Θ.
935 409 998 472 478
1020 428 1101 491 aqa,
1131 407 1166 475 Ξ.
1188 410 1251 472 sto

179 535 256 597 eqs.;
277 515 352 576 adde
364 515 455 598 'quod
468 513 611 577 motinus
634 514 769 577 Milesius
786 513 1031 577 'l'itanomaobian
1051 515 1252 593 composuisse
1326 560 1330 569 .

177 618 290 694 tertrsr,
319 606 382 681 tum
403 617 562 697 Euripides
591 617 624 679 in
646 619 789 679 Heoubae
810 639 855 681 rs.
880 618 917 680 47
922 624 939 678 3
963 636 1026 700 eqs.
1047 638 1099 680 eos
1119 619 1252 697 profert:

483 712 505 799 ἢ
530 712 663 782 Τιτάνων
683 713 787 802 ysvsolu
852 730 857 739 ’
956 708 959 715 ’

482 818 537 884 triv
561 814 638 897 Zmin
659 816 826 911 ἄμφιπύρφ

400 1012 403 1019 ’
483 928 592 1007 κομίζει
615 929 740 1014 φλογμῷ
764 929 930 1011 Κρονίδαςς
1063 978 1064 981 .

176 1032 306 1114 denique
327 1032 482 1113 Eupolidis
503 1040 535 1094 et
549 1031 662 1096 Cratini
684 1041 846 1114 supersunt
859 1034 939 1098 tituli
960 1034 1079 1096 fabulae
1107 1024 1249 1094 Τιτάνων.

84 1152 89 1160 ·
176 1133 264 1200 Quod
285 1142 384 1200 autem
407 1137 470 1197 iam
487 1137 620 1200 Naevius
640 1138 713 1200 belli
733 1140 839 1202 Punioi
860 1140 914 1201 lib.
937 1141 961 1200 1.
982 1139 1057 1216 trag.
1085 1142 1121 1199 18
1154 1156 1182 1200 r.
1208 1141 1247 1198 25

136 1292 140 1300 .
174 1239 224 1318 (sd
248 1238 347 1321 Vsbl.)
368 1240 540 1320 bioorpores
560 1240 682 1304 'Pitanos
704 1249 928 1317 oommsmorat,
950 1242 1020 1303 inde
1042 1261 1108 1303 mea
1128 1240 1248 1322 quidem
1344 1241 1347 1248 '

173 1344 322 1407 mutantia
350 1343 428 1406 nibil
455 1345 537 1406 aliud
567 1346 719 1426 oolligitur
745 1348 802 1409 nisi
836 1353 868 1410 et
888 1346 1027 1409 Plautum
1050 1353 1081 1409 et
1101 1345 1248 1407 Naevium
1336 1344 1369 1399 ‘.

174 1445 318 1509 (imeoum
339 1431 463 1511 sonum
477 1450 679 1529 usurpavisse,
701 1451 783 1533 quod
803 1451 1029 1517 admirationem
1052 1468 1171 1513 morere
1193 1449 1248 1510 mi·

161 1546 254 1612 'nime
274 1559 390 1632 potest,
422 1553 448 1614 si
474 1553 594 1637 quidem
616 1554 667 1619 bio
688 1556 871 1635 tragoedias,
893 1556 945 1618 ille
967 1552 1134 1618 comoedias
1155 1551 1246 1614 (irae-

96 1701 100 1706 .
172 1673 275 1719 oerum
296 1656 460 1722 uanstulit.

243 1970 294 2032 ¹Iu
315 1971 482 2035 Poenuli
504 1993 550 2037 rs.
574 1977 644 2034 442.
667 1971 937 2057 ero-quaeritantis
1046 2050 1052 2061 ι

325 2076 432 2140 Credin
455 2078 535 2165 quod
557 2098 613 2157 ego
634 2076 771 2141 fabuler?

121 2233 124 2237 .
168 2199 273 2243 sersus
293 2182 470 2260 respondeto

321 2286 352 2347 ei
374 2307 491 2371 nequeo
511 2288 610 2349 faeere
631 2292 666 2349 ut
686 2289 783 2363 abeas,
805 2295 925 2366 egomet
944 2287 1055 2349 abiero.
1122 2370 1125 2376 Ι
1200 2326 1202 2330 .

320 2390 396 2451 Nam
418 2391 469 2452 isti
491 2391 612 2474 quidem
633 2392 736 2453 barole
758 2392 917 2453 orationist
938 2391 1052 2470 Oedipo

162 2557 164 2562 ,
320 2492 405 2572 Opus
425 2494 602 2569 oonieotore,
625 2494 675 2578 qui
699 2494 828 2574 Sphingi
850 2495 999 2574 interpres
1019 2494 1087 2556 fuit

208 2621 215 2630 ·
251 2598 293 2659 lit
320 2596 411 2659 simili
432 2600 520 2660 modo
540 2598 656 2661 iooatur
677 2598 780 2660 Davus
808 2598 1005 2661 Terentianus
1026 2598 1133 2679 (Andr.
1159 2596 1242 2675 194).

166 2699 259 2765 Dans
279 2721 341 2764 non
361 2701 462 2766 herois
479 2701 630 2782 intellego.
666 2703 709 2766 si.
731 2701 813 2764 noni
834 2705 913 2765 hem.
934 2703 1010 2766 Dav.
1033 2703 1117 2764 Nonr
1140 2703 1242 2764 Davus

760 2827 841 2882 sum,
863 2825 923 2868 non
947 2806 1087 2885 Oedipus.

48 2939 50 2942 ·
165 2906 282 2974 Quibus
311 2910 427 2971 duobus
455 2908 545 2986 loeis,
578 2909 629 2993 qni
659 2912 792 2991 pendent
821 2929 860 2972 ex
889 2902 1002 2974 Groeoa
1030 2909 1144 2986 tabule,
1180 2908 1241 2970 ool·

163 3011 249 3089 latis,
279 3014 367 3075 fenile
388 3020 434 3076 est
454 3013 625 3090 iutelleotu,
657 3015 730 3097 quid
759 3015 792 3076 iu
813 3014 874 3076 illis
895 3016 1032 3077 versibus
1052 3014 1160 3076 Plauto
1182 3012 1240 3092 ipsi
1325 3001 1337 3059 s

68 3180 71 3187 ,
161 3108 352 3181 tribuendum
387 3117 435 3179 sit
487 3117 669 3181 Hominibus
710 3118 875 3182 litterarum
909 3119 1085 3181 Grusearum
1124 3117 1239 3198 peritis,

163 3220 267 3307 quoles
287 3210 373 3286 erant
393 3221 524 3286 Terentii
547 3222 688 3302 leotoros,
700 3293 703 3298 ,
717 3223 790 3287 sotis
810 3223 931 3287 ieoisset
950 3222 1075 3304 ‘Oedipo
1096 3213 1172 3303 opus
1193 3229 1240 3286 est
1286 3272 1287 3277 η

106 3387 111 3397 ,
162 3321 347 3403 oonieotore',
370 3332 466 3410 ›stqm
495 3327 538 3391 sio
567 3312 647 3391 osrte
676 3328 820 3409 seriptum
842 3334 907 3392 erat
935 3329 968 3390 in
988 3328 1091 3391 tabula
1113 3328 1238 3402 (isaeoa3

160 3430 286 3493 Plautus
307 3438 416 3506 suum,
443 3437 478 3495 nt
496 3431 615 3495 taoilius
636 3430 869 3512 intellegeretur,
903 3432 1048 3495 nonnulla
1069 3431 1236 3496 deelarandi
1287 3424 1302 3435 ”

100 3538 107 3575 ’-
160 3534 251 3596 osusa
269 3531 417 3598 adiunxit.
459 3535 539 3614 Ergo
568 3535 729 3620 quodiam
757 3535 789 3598 in
811 3535 967 3617 Aulularia
988 3535 1148 3619 erioimus,
1175 3556 1238 3600 sm·

159 3636 366 3719 plifieationes,
389 3657 465 3721 quae
486 3638 619 3703 adieotae
641 3647 712 3703 suut
733 3628 836 3704 ut'rss
856 3644 1097 3720 oognosoeretur,
1119 3661 1238 3723 semper

61 3776 66 3785 ·
158 3741 297 3804 redolent
316 3742 465 3804 offioinam
487 3743 670 3821 Plautinum,
703 3766 770 3808 eum
797 3765 845 3808 res
873 3743 940 3825 ipsa
960 3745 1116 3808 referenda
1137 3745 1178 3808 sit
1198 3746 1235 3807 ad

160 3845 305 3908 (insnum
334 3845 496 3924 exemplar.
540 3852 640 3929 Atqum
669 3848 702 3910 iu
735 3849 827 3912 attioa
860 3847 1012 3912 oomoedia
1041 3848 1118 3910 idem
1151 3850 1234 3913 ioous
1328 3926 1332 3929 ¹

158 3946 377 4013 translatsssad
400 3950 581 4015 meretrioias
602 3958 680 4031 artes
703 3955 741 4015 ab
764 3953 895 4046 Anaxila
915 3951 948 4015 in
971 3930 1235 4043 Nsossidoctrag·
1343 4000 1349 4012 .

158 4061 260 4116 manto
281 4062 328 4116 est
348 4053 511 4134 (Memsok.
532 4056 593 4119 111.
614 4057 772 4145 pessus
807 4106 814 4118 .
917 4089 924 4099 ·
