2800 4684
613 329 657 344 ..
699 293 740 360 61
785 327 828 341 ..

109 489 114 494 ·
143 546 147 554 ¹
185 460 317 523 moediae
340 477 460 542 quoque
488 456 585 518 ulurus
606 457 731 532 propter
752 456 845 512 artem
867 468 964 523 snum,
993 467 1083 530 quam
1105 446 1207 508 multis
1229 448 1265 507 in

183 565 307 628 urbibus
329 562 479 638 exerouit,
511 567 609 642 utque¹
628 564 681 617 aut
701 555 878 627 valde-erro
900 562 952 615 aut
978 553 1010 615 in
1032 573 1100 614 eum
1129 554 1265 632 perbene

75 719 80 726 -
184 669 413 753 quadratianus
435 665 601 728 Plautinus.

272 772 355 840 Quae
383 773 481 832 adhue
509 766 728 847 disputavimus
766 783 862 843 paene
895 761 995 823 omnia
1026 762 1179 823 nonnullis
1208 783 1266 823 ex-

187 877 282 956 eeptis
303 876 458 957 pertinent
480 872 517 933 ad
541 868 698 931 historiam
715 866 897 928 Graecorum
919 885 1017 947 usqne
1041 885 1140 926 rerum
1161 885 1182 926 a
1200 866 1266 928 Ro·
1298 902 1302 909 ·

124 996 126 1001 '
185 979 282 1041 manis
307 974 522 1056 gestarumiu
555 974 616 1035 illis
647 970 808 1034 comoediis
839 968 933 1029 ullum
961 968 1133 1045 vestigium.
1185 971 1266 1031 Nam

187 1084 266 1165 quod
288 1083 325 1144 de
348 1081 458 1142 Poenis
480 1078 606 1155 legimus
629 1077 660 1137 iu
683 1073 853 1137 Cistellaria
874 1072 989 1134 fabula:
1051 1128 1053 1133 ⁴

190 1167 199 1263 ἲ,
391 1189 427 1245 nt
448 1181 535 1247 vobis
556 1181 628 1243 viati
645 1179 740 1241 Poeni
763 1196 875 1258 poenae
897 1175 1057 1251 sufferant3

186 1291 217 1351 id
241 1289 318 1351 nihil
339 1288 377 1349 ad
398 1307 480 1367 rem,
511 1305 581 1347 nam
603 1305 650 1345 me
672 1283 772 1344 iudiee
795 1279 977 1342 Ritsulrelias
1000 1279 1051 1358 (of.
1075 1281 1199 1363 opusenl
1219 1283 1267 1345 ΙΙ.

188 1414 237 1473 pp.
261 1393 336 1472 739)
357 1398 439 1454 rests
463 1388 681 1452 demonstravit
701 1389 781 1447 hano
804 1390 898 1446 totam
919 1382 1050 1445 fabulam
1073 1383 1268 1449 dilaoeratam

109 1485 112 1492 ¹
189 1503 280 1580 atque
302 1496 457 1558 disieotam
479 1513 553 1567 esse,
577 1498 608 1553 et
628 1491 712 1552 illam
734 1508 863 1562 scenam,
885 1487 918 1548 in
941 1507 1001 1569 qua
1022 1487 1081 1549 hoo
1103 1490 1139 1550 ds
1154 1491 1268 1552 Poenis

189 1603 334 1680 seriptum
363 1607 424 1675 est,
456 1597 568 1659 indioia
589 1594 834 1675 interpolationis
855 1612 928 1672 prae
949 1611 982 1652 se
1004 1593 1092 1654 ferre.
1137 1594 1268 1659 Restant

188 1706 247 1766 duo
269 1704 337 1780 looi,
360 1703 411 1785 qui
433 1703 470 1763 ed
487 1722 536 1764 res
557 1705 657 1777 gestae
672 1697 774 1759 Plauti
793 1704 922 1759 'eoaevas
938 1696 1099 1759 videantur
1119 1705 1268 1776 spontane.

190 1811 226 1869 In
249 1808 383 1870 Poenulo
405 1805 486 1868 enim
509 1802 551 1885 (r.
567 1801 642 1883 655)
666 1801 771 1862 dieunt
792 1800 938 1875 advooati,
960 1799 1151 1880 peregrinum
1172 1803 1269 1865 fnisse

39 1879 42 1885 Ι
84 1952 87 1958 ‹
190 1911 338 1972 latronem
359 1911 391 1972 in
414 1910 522 1990 Sparta
542 1908 621 1988 apud
644 1925 745 1981 regem
765 1904 916 1967 Attalumr

322 2069 325 2075 .
376 2038 378 2041 ·
405 2027 407 2033 ’
498 2029 567 2071 nam
588 2009 640 2069 hio
660 2006 738 2068 latro
761 2007 794 2067 in
815 2006 923 2087 Sparta
944 2006 1011 2067 fuit
1066 2048 1070 2051 -

202 2101 207 2111 ¹
343 2115 385 2177 Ut
406 2113 526 2197 quidem
547 2112 612 2191 ipse
634 2111 714 2170 dixit
734 2110 831 2183 nobis,
853 2109 933 2188 apud
954 2129 1055 2186 regern
1077 2112 1230 2175 Attalum:

344 2220 419 2281 Inde
441 2220 500 2280 hue
522 2216 648 2293 aufugit,
672 2212 812 2296 queniam
835 2211 953 2293 eapitur
976 2212 1127 2295 oppidum.
1214 2276 1216 2280 .

279 2326 354 2386 Eum
377 2322 511 2385 Attalum
543 2340 603 2382 non
625 2319 718 2381 luisse
740 2339 839 2396 regem
861 2318 1089 2397 Spartanorum,
1120 2322 1172 2383 sed
1194 2323 1269 2385 Per·

192 2450 384 2510 gameuorum
415 2448 509 2510 propo
531 2428 667 2506 Spartam
698 2429 844 2487 moratum
873 2423 932 2485 iam
964 2424 1093 2487 uelatus
1122 2425 1141 2489 1.
1164 2427 1185 2491 1.
1215 2451 1270 2492 ex·

193 2537 302 2616 posuit.
356 2538 455 2619 Atque
478 2539 623 2616 quantum
653 2551 708 2610 ego
730 2531 833 2617 videre
863 2550 1009 2609 possum,
1030 2531 1148 2593 Attalus
1176 2535 1271 2597 semel

191 2646 306 2703 tantum
339 2640 371 2702 in
394 2640 518 2701 Graecis
546 2638 693 2718 pugnavit
722 2642 797 2697 teste
828 2634 954 2714 Polybio
986 2639 1028 2714 (9,
1052 2641 1102 2712 30,
1126 2636 1158 2717 7)
1188 2658 1268 2702 anno

193 2751 255 2807 544
277 2766 304 2808 a.
327 2767 355 2807 u.
379 2765 402 2807 u
446 2744 503 2806 Sed
535 2763 602 2805 uum
630 2740 775 2821 Polybius
807 2746 920 2801 narret·
935 2739 988 2801 illu
1011 2752 1143 2821 tompore
1165 2764 1269 2823 regem

194 2850 325 2913 Attalum
337 2849 410 2912 mari
424 2849 535 2912 bellum
551 2847 677 2927 gessisse
699 2867 765 2907 snm
779 2845 902 2921 Nabide,
923 2846 982 2908 huo
1004 2866 1064 2909 non
1087 2848 1214 2929 quadrat
1236 2852 1270 2913 in

193 2962 327 3017 nostrum
349 2954 456 3029 losum,
479 2974 538 3035 quo
552 2953 670 3014 Attalus
692 2972 746 3030 pro
756 2951 910 3029 Spartanis
923 2951 956 3011 in
978 2950 1044 3030 ipsa
1056 2953 1128 3012 urbe
1144 2962 1270 3033 pugnat

192 3092 235 3105 -
257 3059 316 3122 tuit
340 3059 419 3121 euim
440 3057 517 3119 latro
542 3059 665 3136 Spartae
696 3056 775 3134 apud
801 3055 951 3131 Attalum,
982 3056 1060 3116 unde
1084 3059 1157 3118 urbo
1182 3069 1271 3139 napta
1382 3030 1383 3091 ss

194 3163 312 3241 aufugit
330 3196 383 3224 -.
405 3164 485 3238 Ergo
515 3162 551 3222 de
573 3161 629 3221 hao
649 3159 745 3220 Attali
770 3180 870 3239 pugna
891 3164 988 3222 uatum
1010 3167 1065 3222 eat.
1109 3161 1186 3222 Num
1209 3165 1271 3226 alio
1382 3140 1383 3197 l

195 3271 329 3339 tompore
351 3263 382 3321 in
407 3261 531 3319 Graeuia
551 3261 602 3318 illu
624 3280 680 3317 rex
701 3278 782 3316 arma
804 3260 917 3333 seperit
937 3279 991 3334 pro
1013 3260 1179 3335 Spartanis,
1208 3283 1272 3323 uon
1382 3264 1383 3275 ¹

196 3359 275 3435 seio,
302 3378 368 3421 oum
391 3358 468 3418 nihil
490 3357 527 3418 de
555 3359 612 3418 hae
643 3377 676 3417 re
706 3356 842 3417 invenire
871 3357 992 3434 possim.
1035 3359 1143 3436 Sparta
1169 3362 1272 3424 Plauti

196 3467 293 3524 natue
323 3462 370 3522 bis
403 3463 573 3538 expugnatu
603 3468 649 3521 est
672 3463 733 3518 532
766 3461 803 3518 ab
825 3459 993 3535 Antigono,
1009 3465 1084 3521 ,566
1108 3464 1145 3523 ab
1167 3464 1272 3526 Philo·

106 3648 111 3661 Ι
197 3582 342 3643 paemene
349 3607 358 3638 ,
389 3563 439 3624 sed
462 3563 488 3623 si
511 3562 629 3624 Attalus
651 3561 837 3623 interfuisset
860 3562 907 3621 illi
930 3562 1022 3641 priori
1044 3565 1272 3642 expugnationi,
1381 3622 1382 3633 ,

197 3667 228 3729 id
257 3671 337 3729 uerte
367 3665 526 3730 memoriae
549 3667 696 3745 proditum
721 3674 814 3740 esset;
844 3667 938 3729 altera
965 3674 1065 3730 autem
1087 3670 1272 3749 expugnatio

197 3771 278 3834 laeta
305 3778 350 3835 est
373 3770 473 3835 Attalo
497 3779 635 3848 mortuo,
666 3777 757 3853 atquo
780 3772 898 3834 Attalus
918 3772 954 3833 11
975 3793 1010 3834 eo
1040 3780 1174 3853 tempore
1196 3795 1273 3837 non·

199 3874 268 3936 dum
289 3895 345 3937 rex
366 3882 438 3953 erat,
460 3883 494 3939 at
515 3876 655 3938 Plautino
677 3875 742 3939 losa
764 3877 939 3956 postulatur.
982 3879 1061 3957 Ergo
1082 3877 1115 3940 in
1138 3880 1274 3942 Attalum
1381 3874 1382 3877 '

105 4040 107 4045 .
198 3977 217 4041 1
239 3998 341 4041 omnes
363 3999 492 4045 resnou
515 3984 674 4067 quadrant,
698 4001 786 4066 quam
812 3984 850 4044 ob
871 4004 934 4044 rem
957 4003 1108 4047 recurrere
1130 3986 1274 4050 debemus
1381 4016 1382 4043 l

199 4084 236 4145 ed
266 4082 356 4145 ulium
377 4087 546 4165 Attalum„
561 4087 649 4171 quem
672 4107 732 4149 nou
754 4088 841 4151 floeei
862 4088 960 4165 faeere
981 4109 1037 4152 nos
1057 4090 1103 4151 les
1122 4099 1183 4167 ost,
1205 4111 1275 4154 oum
