2800 4684
318 290 783 371 .'..20..

138 465 288 539 minesse,
314 463 392 546 quod
414 461 481 525 vult
500 460 667 536 Prellerus,
696 462 749 522 sed
770 481 825 540 pro
848 458 1025 521 (ireeoornm
1047 458 1213 539 gryphibus

137 568 239 648 pioum
263 565 403 627 Latinum
424 564 592 641 inseruisse,
614 583 675 647 qne
704 563 820 627 notione
840 583 901 624 non
933 547 1025 624 semel
1054 581 1125 623 usus
1157 567 1211 623 eet

92 726 99 736 .
138 670 263 734 Aooedii
283 669 431 752 quodhoo
451 667 517 731 looe
538 668 622 748 piens
635 687 697 729 non
718 667 745 729 ie
766 673 820 744 est,
842 666 894 750 qui
909 667 1136 730 thensaurorum
1158 664 1211 725 ubi
1279 720 1281 723 .

138 775 181 837 sit
202 775 284 836 loeus
305 773 387 849 soiet,
409 774 462 834 sed
483 772 535 855 qui
551 773 742 834 thensaurum
764 770 911 834 eustodiet
931 790 1012 831 more
1035 769 1212 830 Greeeornm

137 898 274 959 grypum
312 875 399 942 Quod
419 876 479 938 iem
493 882 609 939 veteres
629 875 853 952 intellexerunt,
875 895 943 936 nem
958 875 1035 937 Non.
1050 894 1080 953 p.
1099 878 1157 935 152
1173 891 1214 934 ox

137 980 349 1044 oommentsrio
371 981 499 1064 quodem
522 979 693 1041 Aululeriee
715 979 844 1058 profert:
865 978 954 1041 Pioos
973 982 1090 1040 veteres
1110 975 1213 1038 volue-

136 1088 211 1146 runt
229 1103 311 1159 use,
339 1103 415 1166 quos
436 1081 539 1145 (irseoi
561 1101 671 1162 grypes
691 1082 852 1161 eppellent
896 1089 928 1144 et
955 1080 1000 1142 illi
1021 1100 1131 1162 grypes
1152 1099 1213 1141 non

136 1186 231 1250 semel
251 1185 472 1266 ooniunguntnr
488 1206 554 1249 enm
572 1185 669 1247 ourois
688 1186 847 1248 montibus
865 1186 902 1248 of.
921 1186 1066 1248 Herodot.
1085 1184 1137 1249 IV.
1157 1188 1214 1246 1³2
1256 1192 1259 1209 ²
1346 1176 1347 1179 ’

133 1284 289 1372 Ἀρισσῦρς
423 1280 498 1372 isle
515 1282 711 1371 Ἀριμασπῶν
739 1332 866 1355 ......
893 1286 988 1350 οἰκεῖν
1017 1283 1087 1360 τοῦς
1108 1304 1214 1369 χρυσο·

136 1386 276 1472 pilense
295 1396 422 1477 γρῦπας.
452 1395 490 1459 oi.
511 1399 665 1474 praetereo
693 1394 752 1457 111.
777 1397 848 1456 116.
879 1399 969 1478 utque
993 1392 1160 1475 Aesohylus
1180 1392 1213 1452 iu

139 1499 311 1563 Promethei
332 1520 363 1564 r.
386 1504 447 1562 806
469 1498 768 1581 meminitypureoiv:

316 1595 500 1683 ὄξυστόμους
520 1595 576 1686 peip
601 1595 701 1682 Ζνρυῦο
721 1596 878 1686 ῦνλογγοῖς
898 1594 992 1674 sisne
1017 1661 1019 1666 .

316 1708 430 1790 γρῦπας
450 1701 589 1786 velleius,
605 1699 658 1770 τόν
679 1727 710 1768 σο
731 1708 878 1787 μουνῶπα
900 1699 1025 1787 σνροπῦυ

309 1805 496 1895 Ἀριμοσπῦν
517 1802 710 1892 ἱπποβάμον’,
732 1811 766 1874 οἳ
785 1802 988 1894 χρυσόρρυτον

160 1976 163 1984 .
317 1912 453 1979 οἰκοῦσιν
474 1937 538 2000 eqe.
1332 1969 1336 1978 .

30 2070 32 2075 .
141 2021 251 2085 deinde
274 2021 388 2086 ctesias
409 2024 487 2103 epnd
509 2023 597 2088 Phot
621 2022 671 2085 72.
696 2027 736 2084 69
760 2021 818 2103 (od.
840 2021 950 2101 nell.)
979 2029 1125 2084 memoret
1145 2022 1216 2103 γρῦ·

141 2147 218 2202 aue,
246 2125 298 2190 ubi
320 2121 389 2208 περὶ
417 2127 541 2208 γρυπῦυ
571 2123 620 2189 νοῦ
643 2118 783 2210 σ’ργυρῦν
805 2121 887 2208 ὀροῖν
908 2125 1035 2190 disserit
1079 2126 1216 2188 Ceterum

140 2231 223 2316 ,quod
237 2230 322 2315 qussi
343 2231 513 2311 exemplum
533 2230 635 2295 divitie
655 2231 786 2295 hominis
808 2231 959 2311 profertur
979 2251 1034 2293 rex
1050 2228 1217 2315 Philippus,

139 2334 172 2395 io
193 2335 339 2414 repetitur
358 2336 391 2398 in
415 2337 498 2398 Pers.
519 2340 597 2398 8392
963 2317 965 2325 Ι

295 2439 403 2501 mirum
425 2440 500 2521 quin
521 2439 601 2518 regie
622 2439 756 2518 Philippi
778 2457 868 2501 oense
887 2446 941 2502 eut
960 2439 1055 2503 Attuli

137 2621 139 2629 η
294 2541 336 2604 Te
356 2542 456 2623 potius
470 2543 595 2605 rendum
618 2562 706 2625 quom
729 2562 802 2618 meu,
826 2563 903 2625 quoe
924 2542 965 2605 sie
987 2562 1060 2604 meo.

227 2644 259 2707 Is
279 2650 378 2708 sutem
393 2645 559 2725 Philippus,
581 2652 727 2728 quonium
748 2665 803 2723 ego
825 2646 945 2728 quidem
960 2646 1062 2709 videre
1084 2666 1213 2724 possum,
1253 2694 1256 2700 .

141 2754 208 2811 ersi
238 2747 406 2827 Philippus,
426 2749 567 2824 Meoedo,
597 2756 682 2828 peter
712 2748 893 2826 Alexandri,
925 2751 976 2831 qui
1009 2750 1145 2833 quemvis
1177 2750 1214 2809 eb

144 2851 381 2914 Atheniensibus
393 2838 482 2915 modo
503 2852 645 2933 purvulos
666 2871 722 2914 rex
736 2853 950 2929 oestimuretur,
971 2859 1070 2915 tumen
1093 2858 1217 2931 propter

142 2953 264 3017 divitius
284 2960 374 3017 notos
395 2961 474 3030 eret,
502 2955 581 3037 quod
605 2953 727 3032 eolligus
747 2954 838 3016 velim
860 2976 899 3017 ex
919 2955 1060 3017 Ieoorstie
1081 2955 1216 3035 Philippi

142 3076 190 3136 op.
213 3061 242 3132 b,
275 3060 329 3120 lie
358 3050 435 3137 πρῦς
456 3051 490 3118 ii
518 3049 635 3128 τούτοις
666 3054 717 3118 sui
740 3058 870 3118 πλοῦτον
892 3054 943 3118 καὶ
966 3051 1092 3137 ῦῦυσμνν
1113 3079 1224 3142 κνκνηῂ

143 3154 250 3239 μὲνου,
278 3151 353 3237 ispe
374 3151 474 3231 ου’ῦεῦς
495 3159 556 3219 σῦν
574 3150 730 3237 Ἑλλήνων,
752 3151 775 3220 h*
795 3151 873 3238 μόνον
895 3160 953 3222 soie
974 3153 1070 3221 ὄντων
1083 3158 1134 3222 νοῦ
1155 3160 1217 3222 ποῦ-

143 3265 213 3322 θνον
240 3258 292 3322 soi
320 3254 477 3340 βοῦζοσθυο
508 3257 650 3339 πέφυκεν.
694 3263 774 3340 Ergo
804 3261 862 3324 nisi
893 3255 997 3324 omniu¹
1023 3284 1070 3326 me
1100 3264 1217 3341 feliunt,
1285 3278 1288 3285 ·

143 3368 226 3430 totu·
245 3364 336 3432 loeus,
350 3365 507 3427 Pleutinus
527 3364 643 3427 redolet
663 3363 805 3427 (irueoem
828 3367 987 3429 oilloinum.

216 3560 443 3631 'Asinariee
470 3589 500 3633 r.
530 3574 591 3631 40⁶
625 3570 759 3632 Libonus
788 3572 945 3633 merootori
984 3575 1137 3653 quaerenti
1169 3574 1220 3634 do·

147 3671 281 3736 sofibene
300 3670 460 3733 etriensem
480 3673 578 3734 subito
600 3672 756 3748 exolomut,
779 3691 845 3734 oum
866 3673 1006 3735 Seureem
1028 3676 1118 3739 vidit:

187 3779 294 3856 'Atque
314 3773 415 3836 herole
436 3774 533 3853 ipsum
554 3777 628 3837 odeo
650 3780 810 3852 ooutueor,
842 3776 968 3839 oeseenti
991 3778 1088 3857 oepite
1108 3780 1222 3843 inoedit

193 3877 336 3959 Quisquis
357 3877 477 3963 obviem
496 3878 567 3940 hnio
587 3879 746 3942 oooesserit
766 3878 852 3955 iruto,
873 3880 1038 3958 vopulsbit.

103 3979 106 3985 ’
150 3981 207 4042 Oui
227 3985 389 4041 meroetor:
419 3978 592 4061 etquidem
621 3980 722 4042 herole
753 3980 924 4043 Aeneidinis
945 3983 1034 4046 minis
1054 3985 1220 4069 uuimisque

150 4082 289 4171 expletus
308 4081 396 4160 unit,
