2800 4684
567 280 782 346 ..43-

167 435 302 520 ’Σφίγγο
327 436 463 519 Θηβαῖον
485 432 517 499 dl
539 431 638 510 πίονος
657 433 721 512 Ιίοτν
744 430 796 508 τίς
818 430 934 518 πόρνος
956 438 1064 498 καλεῖν.

181 531 240 603 sld'
261 532 281 604 o‘
301 536 355 621 μίν
377 543 467 624 poesie
488 532 568 603 τοῦτ’
592 534 732 621 ἀπῆλθεν
759 534 856 614 aalide
878 533 979 623 ὅσπερ
1005 538 1161 614 Οίδίπονς.

222 751 260 812 In
282 750 475 812 Pseudoli
498 771 585 812 vorsu
609 754 690 811 1063
713 749 795 811 Simo
818 754 1010 829 percontetur
1031 768 1102 809 uum
1124 749 1224 808 Pseu-

69 884 94 892 ··
138 854 232 931 dolus,
254 855 332 916 deut
352 854 537 933 promiserat
560 854 690 933 puellam
713 853 843 914 Ballioni
865 853 966 913 lenoni
988 850 1145 931 eripuen‘t:

292 956 379 1019 Visso
402 956 474 1040 qnid
496 977 595 1019 rerum
618 979 701 1019 mens
722 954 828 1019 Ulixes
850 957 953 1034 egerit
1049 965 1053 971 ’

291 1063 394 1123 Iamna
416 1062 525 1124 habeat
546 1062 664 1140 siguum
687 1081 727 1121 ax
747 1081 815 1123 aree
837 1059 993 1124 Ballionia.

139 1165 225 1232 Quod
260 1173 375 1244 spectat
404 1167 441 1227 ad
467 1165 637 1243 ¹Palladium
668 1185 708 1226 ex
739 1184 808 1227 aroe
836 1165 942 1226 Troiae
972 1166 1145 1243 subreptum
1178 1154 1237 1224 ab'

136 1270 227 1332 Ulixe
256 1276 288 1331 at
318 1270 472 1332 Diomede.
523 1271 559 1331 ad
590 1272 714 1332 eandem
744 1290 807 1331 rem
839 1269 917 1332 ludit
947 1269 1099 1348 Aristoph.
1131 1288 1220 1347 vesp.

47 1421 51 1429 .
138 1380 199 1437 850
222 1395 300 1457 eqsz

179 1475 259 1540 ίοτιν
280 1470 342 1557 6πή
365 1477 429 1558 dipel
449 1472 540 1557 ἥντιν’
568 1471 604 1539 dv
626 1477 753 1540 ἔνδοθεν
775 1470 840 1549 oleo
860 1470 888 1538 τ’
914 1476 976 1555 εἴης
1000 1471 1134 1558 διορύξαι

179 1572 231 1642 εἶτ’
258 1579 379 1645 dadsisas
394 1578 514 1664 ῥοίκεονν
529 1580 690 1666 κρυφθείς,
715 1576 815 1663 ίίοπερ
829 1575 994 1661 πολύμητις
1007 1575 1188 1652 Ὀδυσσεύς.4

88 1732 90 1737 «
137 1684 272 1751 Quooum
296 1688 360 1750 leoo
384 1670 609 1768 coniungendas
631 1693 677 1751 est
697 1707 803 1751 versus
827 1692 906 1749 1244
928 1687 1019 1749 huius
1040 1686 1173 1777 fabulosi

219 1790 380 1872 deponsavit
397 1793 497 1854 dolum
512 1791 672 1855 Troianum
688 1797 779 1876 etque
794 1791 915 1854 Ulixem
928 1789 1101 1855 Pseudolus.
1132 1787 1215 1857 Quo·

136 1895 218 1959 niam
240 1894 346 1960 Ulixes
368 1895 561 1977 ooniungitur
583 1918 647 1961 oum
673 1897 740 1959 dolo
762 1897 904 1974 Troiano,
925 1898 984 1960 heo
1006 1901 1140 1977 speotere
1161 1915 1215 1975 po·

136 2007 206 2066 test.
226 2006 278 2064 aut
308 2001 345 2063 sd
373 2001 541 2064 Palladium
578 2009 697 2083 raptum
728 2034 768 2050 -
799 2008 889 2086 atque
918 2003 976 2065 hoo
996 2000 1059 2080 ,tibi
1089 2000 1216 2063 fortasse

135 2113 249 2170 reatum
266 2126 330 2170 osee
344 2106 472 2185 videtur,
495 2128 562 2172 oum
584 2109 617 2170 in
632 2128 720 2172 soene
734 2109 834 2190 priore
850 2110 886 2171 de
908 2107 1038 2189 palladio
1052 2110 1158 2187 agatur
1170 2137 1215 2151 -

135 2219 188 2274 aut
209 2214 246 2275 ad
267 2212 349 2274 illam
372 2233 462 2296 quam
483 2220 595 2276 vooant
615 2212 761 2293 πτωχείαν
782 2213 889 2275 Ulixis.
939 2212 1026 2279 Quod
1048 2231 1095 2274 me
1116 2210 1215 2272 iudioe

135 2318 199 2380 veri
221 2324 268 2382 est
288 2318 431 2395 similius,
461 2339 530 2380 nam
559 2320 592 2380 in
616 2326 676 2381 949
700 2320 856 2394 Baoolsid.‚
884 2319 937 2380 ubi
960 2319 996 2380 de
1019 2318 1122 2378 eodem
1145 2314 1214 2376 dolo

136 2421 249 2498 agitur,
281 2428 452 2499 enarratur,
481 2423 600 2485 Ulixem
622 2425 711 2485 ‘laeta
731 2423 864 2484 Iliorum'
887 2422 1101 2505 exquisivisse,
1133 2420 1215 2502 quod

135 2545 196 2586 non
219 2527 399 2607 quadratio
422 2532 540 2610 septum
563 2527 743 2601 Palladium,
766 2530 817 2589 sed
839 2529 871 2587 in
893 2526 974 2587 illam
997 2522 1151 2603 πτωχείαν,
1173 2524 1215 2585 of.
1254 2582 1257 2585 ,

136 2630 226 2689 Hom.
250 2629 357 2710 Odyss.
379 2633 416 2690 Δ.
440 2637 501 2692 240
520 2652 601 2713 eqs„
628 2631 697 2692 Hue
720 2630 842 2706 aooedit,
865 2632 945 2712 qnod
966 2631 1044 2708 apud
1060 2628 1138 2688 Plin.
1162 2631 1214 2702 35,

134 2737 198 2793 138
231 2731 340 2795 dieitur
369 2736 405 2796 de
434 2730 592 2797 numerosa
613 2734 715 2797 tabula
736 2734 975 2813 oenophorum,
1006 2733 1038 2793 iu
1058 2736 1215 2814 quaeunt
1273 2722 1276 2728 ¹

135 2835 273 2897 Priamus
304 2836 422 2900 Helena
450 2839 616 2901 Credulitas
641 2839 748 2900 Ulixes
770 2838 944 2925 Deiphobus
965 2837 1068 2897 Dolus.
1113 2840 1215 2915 Atque
1264 2890 1266 2894 .

137 2938 208 3001 Otto
237 2938 315 3005 Iahn
345 2940 493 3005 disserens
524 2944 559 3004 de
588 2944 647 3027 hae
674 2962 707 3004 re
728 2943 761 3003 iu
783 2942 881 3004 annal.
904 2938 1118 3018 archaeologia
1139 2958 1211 3001 sno.

139 3044 219 3104 1847
243 3063 292 3122 pg.
321 3043 387 3121 127,
409 3046 536 3125 exponit
556 3052 650 3108 totam
672 3045 803 3108 tabulam
826 3053 959 3124 speetara
980 3045 1018 3106 sd
1039 3041 1138 3106 Ulixis
1157 3062 1213 3104 ex-

135 3145 332 3224 plorationem
361 3146 443 3209 urbis
466 3147 587 3224 Troiae,
618 3167 679 3231 que
707 3148 739 3208 in
768 3169 800 3210 re
822 3148 1006 3210 instituenda
1033 3149 1071 3209 ab
1093 3147 1238 3207 Helena·

134 3246 254 3327 agnitus
275 3245 328 3312 ast
382 3256 425 3314 st
444 3251 504 3314 alia
532 3272 652 3337 quoque
674 3271 764 3314 eausa
791 3259 853 3329 est,
886 3272 938 3315 our
964 3251 1017 3314 ille
1039 3249 1124 3313 dolus
1145 3268 1210 3311 esso

134 3353 241 3438 debeat
262 3353 390 3433 πτωχεία
410 3354 526 3433 Ulixis,
547 3377 619 3420 non*
641 3356 802 3437 palladium
830 3363 958 3437 raptum.
1002 3357 1107 3437 Neque
1130 3353 1209 3415 euim

134 3457 222 3518 osrdo
252 3456 285 3518 in
313 3476 350 3521 ea
363 3456 365 3463 ’
378 3478 410 3523 ss
433 3459 575 3537 vertitur,
606 3460 685 3543 quod
708 3460 814 3522 inille
844 3480 933 3524 soona
963 3459 1063 3522 lenoni
1096 3456 1211 3540 aliquid

134 3557 275 3639 eripitur,
317 3562 368 3624 sed
399 3563 478 3647 quod
509 3563 673 3626 Pseudolus
703 3563 834 3642 perfloit,
871 3570 906 3626 ut
926 3563 995 3626 leno
1025 3560 1209 3626 subditivum

42 3660 45 3667 ’
133 3663 303 3743 Hanpsgem
335 3670 422 3745 putet
458 3684 522 3731 ssss
551 3685 659 3730 -verum
690 3668 829 3731 nuntium
842 3671 845 3677 ’
858 3666 979 3742 militis3
1018 3672 1108 3750 atque
1148 3663 1209 3726 tale
1337 3696 1339 3701 >

132 3765 247 3849 aliquid
275 3786 336 3830 non
366 3768 446 3831 inest
474 3767 506 3830 lu
543 3769 678 3832 Palladio
708 3778 812 3850 rapto,
852 3771 903 3832 sed
931 3771 962 3832 in
995 3769 1094 3832 Ulixis
1129 3768 1209 3828 ntes·

133 3867 215 3952 χείᾳ,
250 3871 301 3931 ubi
320 3856 382 3932 ¹ille
410 3876 495 3935 veste
522 3876 636 3935 mussa
658 3875 815 3952 prohibet,
846 3873 1012 3956 quominus·
1034 3893 1052 3933 a
1072 3872 1210 3935 Troianis

83 3985 86 3993 ·
134 3980 329 4051 spnosoatur,
351 3982 382 4039 st
403 3993 436 4037 ss
457 3994 529 4038 vers
550 3975 702 4037 mandious
725 3978 859 4040 hebetur.
904 3979 1016 4061 Iteque
1032 3976 1064 4039 id
1083 3977 1122 4038 ad
1143 3975 1217 4037 Uli-i

134 4077 183 4138 xis
196 4076 434 4155 explorationem
448 4078 634 4142 sslsssndum
659 4098 723 4141 esse
745 4101 825 4143 nuno
848 4081 965 4143 demum
986 4081 1060 4143 satis
1081 4084 1207 4142 oenstat.
