2800 4684
152 1422 155 1433 .
224 1332 406 1460 Quomodo
429 1377 553 1438 Plautus
576 1378 793 1437 comoediarum
815 1385 905 1454 poeta
926 1377 1077 1435 Romanus
1100 1374 1230 1435 Graecae

50 1488 54 1497 '
160 1498 236 1562 quae
258 1482 382 1541 vocatur
402 1497 498 1540 novae
520 1478 689 1541 comoediae
711 1466 835 1552 fabulas,
852 1497 932 1559 quas
954 1495 986 1537 se
1008 1481 1140 1539 secutum
1164 1496 1229 1538 esse
1272 1468 1274 1473 ’

156 1582 222 1662 ipse
243 1583 396 1662 professus
418 1589 476 1658 eet,
507 1583 640 1643 imitatus
662 1582 718 1656 sit,
751 1601 846 1661 usque
876 1583 912 1641 ad
942 1590 1073 1642 nostram
1100 1589 1228 1642 aetatem

155 1691 203 1748 eet
224 1685 262 1746 lis
283 1684 472 1746 interriroe
501 1685 611 1746 doctos.
659 1684 725 1746 Jam
756 1685 855 1762 priore
884 1684 973 1744 huius
1001 1684 1111 1746 eaeouii
1141 1692 1243 1762 parto.

156 1788 282 1867 Koepke
295 1786 323 1867 ¹)
352 1775 532 1850 testimoniis
561 1796 695 1851 veterum
722 1787 889 1850 criticorum
920 1787 1064 1864 neglectis
1086 1788 1150 1849 sine
1172 1787 1229 1848 ori·

156 1893 217 1955 tica
237 1893 362 1967 ratione,
384 1896 419 1953 ut
440 1892 597 1954 Bitscheiii
619 1892 721 1954 verbis
742 1902 826 1966 utar,
848 1892 967 1965 statuit,
994 1891 1093 1952 Plauti
1115 1911 1229 1952 oomoa·

156 1996 220 2056 dias
243 2015 420 2078 quamquam
444 1994 475 2054 iu
499 1997 588 2056 rebus
610 2002 641 2057 et
661 1995 787 2073 privatis
808 2003 840 2055 et
860 1994 987 2073 publicis
1009 1994 1103 2070 magis
1125 1993 1227 2054 Graeci
1318 2080 1321 2085 ⁴
1349 1982 1351 1984 ,

156 2107 256 2161 essent
278 2099 386 2160 eoloris
417 2119 505 2181 quam
528 2100 671 2173 Romani,
703 2108 801 2160 tamon
832 2098 876 2159 ita
905 2098 1055 2158 coniectae
1086 2117 1165 2173 essa,
1197 2104 1230 2159 ut

53 2230 55 2235 ·
155 2202 344 2263 omitteretur
365 2201 396 2261 id
412 2204 492 2283 quod
507 2202 635 2290 perspici
658 2223 719 2262 uon
742 2200 1047 2279 possetsRomauis,
1071 2206 1105 2260 ut
1126 2208 1230 2262 contra
1344 2272 1399 2282 ,Ι

156 2304 338 2364 insereretur
365 2303 395 2363 ic
426 2306 504 2385 quod
521 2304 683 2364 delectaret
705 2325 756 2364 eos
778 2304 830 2384 qui
854 2303 999 2363 audirent
1046 2300 1141 2365 Quam
1163 2303 1228 2380 opi·

158 2407 277 2468 nionem
310 2406 418 2485 partim
446 2407 561 2485 exeipit
582 2407 779 2492 Ritscheiius,
810 2425 876 2467 cum
898 2406 930 2464 in
952 2423 1098 2482 parergon
1120 2410 1228 2466 tracta·

158 2509 241 2571 tione
262 2509 417 2570 confirmet
432 2510 568 2571 Plautum
592 2530 651 2570 uon
675 2511 799 2572 verbum
823 2510 859 2568 de
880 2510 972 2570 verbo
987 2527 1161 2586 expressum
1176 2528 1229 2569 ex·

25 2648 27 2655 ι
139 2613 276 2689 tulisse,
299 2614 351 2674 sed
366 2633 481 2699 summa
494 2613 615 2676 licentia
630 2634 715 2675 usum
739 2632 802 2674 esse
824 2612 856 2673 in
877 2614 1021 2673 vertendo
1037 2607 1163 2674 Graecas
1184 2615 1228 2674 ia·

155 2717 249 2790 bulas,
272 2722 362 2798 atque
377 2718 434 2778 hoo
455 2718 513 2777 iam
529 2719 599 2779 iuda
615 2737 758 2796 apparere
775 2717 920 2798 quoditie
935 2735 1053 2794 semper
1067 2738 1228 2796 usurpave-
1271 2758 1274 2763 <

155 2817 197 2880 rit
229 2818 333 2882 titulos
355 2820 479 2890 Latinos
509 2835 607 2902 neque
636 2838 776 2903 umquam
806 2827 840 2887 ut
861 2818 1017 2881 Terentius
1040 2819 1152 2883 Graeca
1174 2843 1227 2883 uo·
1289 2866 1293 2872 -

156 2923 238 2984 mina
258 2909 308 2986 rel
322 2925 466 2987 vocabula
481 2925 591 2987 fabulis
606 2925 813 3004 praeposuerit
823 2924 868 3004 ²);
890 2925 921 2984 iu
936 2915 1033 3006 'quam
1050 2925 1227 2988 seutentiam

77 3014 79 3019 ’
154 3025 243 3087 otiam
281 3019 367 3090 multi
397 3027 447 3088 alii
478 3027 536 3090 riri
576 3027 696 3108 docuit)
738 3028 856 3089 adducti
885 3034 964 3089 sunt.
1022 3028 1127 3109 Neque
1156 3049 1227 3092 varo

90 3124 93 3132 '
155 3130 262 3192 desunt
283 3130 334 3212 qui
365 3151 419 3209 pro
443 3138 524 3193 certo
546 3131 698 3193 affirment
719 3128 865 3192 Plautum
880 3131 1007 3209 vestigia
1029 3132 1157 3194 Graecae
1179 3122 1238 3195 co'·v

153 3232 287 3294 moadiae
307 3234 351 3296 ita
365 3234 516 3312 pressisse,
539 3239 574 3296 ut
595 3235 683 3297 etiam
707 3255 762 3297 uos
777 3235 929 3296 nonnullis
943 3235 1117 3313 fragmentis
1132 3256 1228 3299 novae

219 3470 249 3541 v1)
274 3471 306 3522 ci.
324 3471 425 3535 Koepki
443 3472 579 3522 dissertat:
605 3470 690 3522 Usber
716 3475 755 3522 dte
781 3475 828 3522 deu
855 3472 999 3537 Originaleu
1022 3475 1224 3537 naehgebtldetsn

153 3560 215 3605 rom.
233 3542 382 3617 Luetepiele.
416 3557 558 3606 Zeiteohriit
575 3558 615 3605 sur
627 3546 952 3606 utiterthuurswieesnsohett
970 3562 1036 3608 1888
1055 3575 1079 3620 p.
1095 3564 1159 3609 1818
1172 3577 1224 3621 eqs.

107 3708 109 3711 Ι
223 3635 249 3706 2)
269 3639 300 3688 ei.
316 3652 413 3700 pererg.
430 3653 471 3700 pg.
485 3642 534 3689 118
552 3641 672 3701 adnotat..
690 3656 732 3704 pg.
745 3644 793 3690 177
807 3654 870 3702 sqq„
889 3642 1009 3691 Ribbeck.
1028 3642 1085 3690 libr.
1098 3644 1129 3692 de
1141 3644 1224 3692 i'ried.

153 3722 280 3774 Riteohelti
298 3724 352 3773 rite
368 3724 393 3772 11
410 3738 451 3785 pg.
472 3726 529 3787 108,
548 3724 652 3775 Becker.
670 3725 793 3775 vindiciae
811 3727 951 3777 comoediae
969 3728 1109 3790 Romeueet
1127 3728 1157 3778 et.
1176 3731 1224 3779 Le·
1284 3780 1286 3785 ⁴

152 3811 239 3872 dewtg.
257 3810 289 3860 de
307 3804 412 3861 Vulcatii
430 3809 533 3874 eectgru
550 3826 653 3874 maone,
671 3827 755 3876 progr.
774 3812 930 3863 Neoetrelitz.
950 3815 1023 3865 1811.

221 3894 250 3964 8)
274 3908 301 3949 ιιι
318 3897 381 3949 elios
398 3897 523 3961 omittam,
550 3898 581 3949 de
599 3900 711 3963 Begneto
737 3900 762 3950 to
789 3907 971 3964 programmate
995 3901 1139 3967 Elrtngieoei
1165 3906 1223 3956 suni
1311 3967 1316 3975 .

154 3984 220 4035 1878
238 3984 269 4035 de
287 3984 334 4036 hee
346 3982 373 4038 r'e
391 3986 455 4050 egita
472 3987 573 4038 Plautus
585 3987 610 4038 tu
623 3987 716 4038 eeiuem
729 3984 886 4040 Verhttltoiee
903 4004 934 4040 eu
952 3989 1038 4041 eeiuen
1056 3991 1148 4054 griseo.
1168 3990 1224 4043 Ori·

152 4072 261 4137 giueleu.
358 4068 360 4073 ⁴
563 4088 569 4093 ·

1002 4156 1229 4233 1.³·
