2800 4684
643 250 846 316 43--

627 402 749 462 0bsecrc
771 420 826 462 vos
847 420 912 478 ego,
935 400 975 462 mi
998 399 1121 476 auxilio,

204 526 256 567 oro
272 508 413 582 obtestor,
437 503 504 566 sitis
519 509 550 564 et
564 504 714 564 hominem
737 504 946 567 demonstretis
963 504 1014 586 qui
1031 523 1096 564 eam
1111 503 1279 565 abstulerit

78 626 80 632 ·
132 610 134 613 ’
204 609 361 692 quidest?
387 608 459 691 quid
479 605 602 667 ridetis?
632 607 702 669 nori
725 625 842 668 omnes:
865 608 930 671 scic,
945 608 1027 669 fures
1045 626 1110 668 esse
1129 597 1181 667 hio
1200 627 1281 668 com·
1354 656 1356 661 ,

167 717 171 726 ’
435 710 437 713 ’
1023 711 1125 790 plures

203 817 255 899 qui
278 817 390 879 vestitu
422 822 452 877 at
482 822 563 876 creta
585 814 735 897 occultant
757 833 822 875 sese
850 819 942 896 atque
964 815 1070 876 sedant
1099 813 1184 896 quasi
1218 813 1282 875 sint

493 920 494 923 ,
989 917 1068 995 frugi
1080 917 1125 997 ψ
1289 916 1291 919 ,

202 1024 259 1086 hcc
279 1028 439 1101 propterea
460 1021 590 1100 pendere
611 1021 731 1083 videtur
752 1040 769 1081 e
793 1011 908 1095 Graeca
923 1020 1039 1095 fabula,
1070 1021 1150 1101 qued
1178 1021 1211 1081 in
1233 1039 1279 1096 ea,

203 1127 228 1188 si
251 1126 371 1208 quidem
399 1125 473 1186 fldes
503 1124 661 1187 tribuenda
690 1130 737 1186 est
757 1124 970 1203 Aristophani,
999 1129 1181 1204 spectatores
1210 1125 1280 1204 plus

118 1305 121 1313 Ι
203 1251 292 1314 quam
314 1231 405 1293 semel
427 1228 663 1310 appellabantur.
712 1229 871 1292 Praeterea
888 1235 994 1292 'sutem
1024 1249 1086 1290 non
1107 1220 1281 1306 ignoramus

92 1416 93 1420 Ἰ
202 1334 301 1397 Plauti
332 1342 429 1398 aetate
451 1334 565 1395 nullum
588 1335 738 1395 hominem
761 1316 913 1395 sedentem
935 1334 1111 1413 spectaculis
1133 1332 1281 1405 adiniss03
1307 1356 1309 1359 ’

125 1444 128 1452 ’
161 1499 164 1504 ,
202 1460 272 1516 ergo
294 1441 368 1500 haec
388 1459 436 1499 res
461 1444 513 1500 aut
533 1438 716 1515 interpolata
737 1443 789 1498 aut
811 1456 829 1495 a
851 1436 957 1498 Plauto
980 1457 1020 1499 ex
1042 1437 1154 1499 Graeco
1177 1457 1281 1499 exem·

94 1621 96 1625 y
200 1544 277 1622 plari
310 1543 453 1604 translata
474 1560 571 1622 neque
599 1540 660 1600 ullo
690 1541 778 1601 modo
806 1546 919 1601 mutus
940 1548 994 1602 est
1040 1539 1134 1605 Quam
1158 1550 1280 1602 senten·

202 1648 273 1707 tiam
293 1647 403 1705 habere
425 1644 457 1703 in
480 1663 511 1704 se
533 1642 647 1723 aliquid
662 1642 736 1721 veri,
759 1663 836 1702 unus
858 1642 985 1725 quisque
1008 1645 1150 1705 concedet
1171 1644 1222 1724 qui
1244 1644 1281 1704 in

201 1748 372 1808 memoriam
396 1745 583 1807 revocaverit
605 1737 733 1805 Athenis
755 1751 936 1821 spectatores
966 1734 1069 1806 sedere
1097 1753 1188 1827 atque
1210 1748 1281 1807 Ari·

185 1850 376 1930 ¹stophanem
399 1868 537 1909 ranarum
559 1846 677 1906 fabulae
699 1866 789 1908 versu
812 1848 890 1907 297:

285 1947 375 2026 ἱερεῦ,
398 1941 584 2022 διαφύλαξόν
606 1943 646 2022 μ’,
668 1944 707 2006 ‘s'u’
732 1935 820 2006 cioos
834 1943 1004 2024 ξυμπότης,
1017 1950 1164 2027 respicere
1180 1970 1280 2011 sacer·

201 2053 299 2114 dotem
323 2048 463 2132 Dionysi,
495 2051 545 2133 qui
575 2050 607 2110 in
629 2049 725 2129 primo
747 2051 840 2127 gradu
862 2051 971 2112 theatri
993 2051 1090 2114 locum
1113 2053 1300 2130 obtinebat

141 2231 142 2236 η
202 2175 291 2236 quam
312 2157 459 2216 rationem
482 2162 599 2232 poetam
622 2154 707 2212 illum
729 2173 788 2211 ncn
811 2153 903 2212 semei
924 2174 1082 2231 usurpasse
1103 2174 1143 2215 ex
1159 2148 1279 2217 ''fabulis

202 2259 324 2336 colligas
346 2257 446 2320 velim.
471 2241 472 2246 ἵ
490 2257 606 2317 Deinde
629 2276 694 2317 cum
711 2262 852 2335 quantam
867 2256 1098 2363 familiagitatem
1120 2259 1200 2320 iuter
1221 2261 1279 2322 hos

202 2362 276 2421 dues
290 2360 372 2421 locos
388 2359 486 2419 Plauti
510 2365 541 2420 et
557 2358 766 2435 Aristophanis
789 2376 854 2417 esse
869 2360 970 2435 negari
994 2379 1054 2420 non
1076 2363 1180 2440 possit,
1202 2363 1277 2424 illud

202 2450 373 2524 Plautinum
404 2463 590 2522 referendum
621 2465 666 2521 est
696 2462 734 2520 ad
757 2461 896 2521 Graecam
928 2462 1096 2539 originem*
1127 2463 1276 2529 Quoniam

77 2590 78 2593 ¹
199 2573 296 2629 autem
314 2567 438 2629 Plautus
452 2564 550 2646 ipsum
568 2564 796 2643 Aristophanem
813 2584 872 2625 nou
888 2573 1006 2643 praesto
1022 2567 1135 2644 habuit,
1158 2571 1209 2631 sed
1232 2571 1278 2631 fs·

200 2669 286 2731 bulas
314 2688 409 2731 novae
432 2667 617 2742 comoediae,
647 2656 701 2727 ille
726 2674 925 2745 spectatorum
955 2669 1066 2730 mentio
1095 2673 1207 2748 pendet
1236 2692 1277 2734 ex
1367 2738 1370 2745 ,

199 2772 248 2834 his
266 2772 384 2846 fabulis,
409 2789 487 2852 quae
501 2770 591 2831 talem
612 2770 730 2831 iocandi
753 2771 898 2831 rationem
919 2773 957 2833 ab
973 2772 1174 2851 Aristophane
1197 2774 1275 2836 didi·

104 2957 106 2963 Ι
200 2882 315 2937 cerunt.
358 2877 465 2957 Itaque
487 2875 546 2935 iam
569 2891 606 2934 ax
629 2875 685 2935 hac
707 2893 739 2935 re
754 2880 878 2952 apparet
898 2875 928 2934 id
947 2876 1027 2956 quod
1047 2875 1092 2937 illi
1113 2877 1273 2939 viridanti

199 2979 483 3058 pronuntiaverunt,
516 2996 575 3037 non
606 2981 721 3038 tantum
746 2977 855 3037 habere
877 2979 1100 3040 fundamentum
1130 2989 1275 3062 quantum

201 3081 292 3142 deleri
315 3088 346 3144 et
367 3081 444 3141 dirui
468 3100 528 3139 non
550 3080 662 3157 possit,
695 3098 764 3139 nam
786 3079 810 3140 si
835 3079 960 3141 Plautus
980 3101 1013 3141 re
1035 3102 1107 3144 vera
1129 3091 1276 3147 mutasset

199 3184 229 3243 id
253 3186 332 3265 quod
357 3204 416 3245 non
439 3185 613 3263 quadrasset
642 3184 679 3243 ad
709 3202 756 3244 res
778 3184 941 3258 Romanas,
973 3191 1052 3246 certe
1081 3186 1137 3248 hos
1168 3206 1275 3249 versus

172 3307 259 3349 ·non
283 3287 458 3365 scripsisset.

289 3390 413 3451 Accedit
434 3392 514 3469 quod
530 3410 589 3449 non
606 3391 713 3465 desunt
727 3388 879 3450 versiones
894 3388 1050 3452 Plautinae
1073 3409 1147 3471 quas
1169 3393 1273 3455 stricte

145 3549 147 3553 ,
200 3495 358 3554 cohaerere
379 3493 446 3552 luce
469 3491 576 3552 clarius
592 3486 645 3553 ¹est
666 3512 732 3551 oum
754 3491 929 3566 'fragmentis
951 3492 1129 3553 comicorum
1146 3493 1273 3555 Graeco·

198 3616 264 3656 rum
279 3594 366 3654 nobis
380 3593 514 3667 servatis,
538 3612 665 3673 quorum
681 3592 825 3652 nonnulla
840 3593 969 3669 exempli
992 3592 1088 3669 gratia
1102 3596 1273 3655 exscribere

146 3710 148 3715 ’
198 3692 304 3751 lineata

270 3839 294 3908 1)
312 3841 343 3890 ct.
360 3845 490 3903 presteras
506 3839 560 3886 Mil.
573 3840 634 3900 glor.
648 3840 678 3888 ct
694 3852 760 3898 aqar

437 3925 487 3988 Qui
503 3931 586 3974 sutem
602 3925 744 3973 auscultare
762 3926 836 3982 nolet,
853 3930 970 3986 exsurgat
987 3924 1062 3991 toras,

423 4013 472 4061 'Ut
488 4014 528 4074 sit,
546 4011 692 4061 ubl‘sedsut
708 4011 745 4059 illi
763 4011 805 4070 qui
822 4011 960 4059 suwuitsrs
978 4012 1039 4060 volt.
1127 4076 1129 4082 k
1165 4076 1167 4082 k

1020 4096 1068 4159 μ
1090 4099 1093 4107 “
1130 4131 1133 4139 .
