2800 4684
466 267 792 335 ...36-

131 445 289 490 semmua
307 425 430 488 minime
451 425 492 489 sit
512 446 613 506 pugna
634 448 699 489 oum
722 425 898 506 Hippolyta.
943 428 1042 507 Atque
1064 444 1220 487 aerumnas

129 528 178 590 ira
198 529 409 592 duodenarium
431 549 585 591 numerum
609 531 787 609 compositus
817 528 926 603 fuisse,
954 528 1113 607 Euripides
1134 528 1220 591 testis

133 639 207 708 ast,
236 652 302 694 oum
333 631 422 693 etiam
451 633 590 694 denarius
620 651 761 693 numerus
790 636 890 694 exstet
917 636 953 693 ut
980 631 1012 691 in
1035 631 1219 692 ornamentis
1271 656 1274 661 ’

131 734 248 814 templi
278 733 395 797 Thesei.
439 734 555 800 Quibus
584 755 650 797 oum
680 736 771 796 rebus
801 735 826 796 si
856 734 1063 812 ooniungimus
1093 733 1224 795 Diodori

14 852 17 857 ⁴
80 896 88 908 ‚
122 837 196 917 (V,
229 836 366 918 10-26)
386 838 559 917 Apollodori
590 838 644 916 (Π,
676 836 709 918 t)
730 836 846 917 Hygini
876 837 944 918 (80)
972 835 1219 909 enumerationes,

133 960 315 1002 amazonum
337 941 459 1019 reginae
480 960 580 1019 pugna
601 939 652 1003 vel
682 947 818 1002 ostamm
840 941 891 1003 vel
913 961 1023 1002 uorum
1045 940 1143 1000 loourn
1166 942 1219 1000 ob·

134 1042 228 1105 tinet.
271 1043 335 1104 'Pali
358 1062 398 1104 ex
420 1042 640 1122 comparatione
659 1043 824 1106 erinoimus
847 1044 952 1120 etiem,
976 1050 1087 1105 eertum
1103 1061 1219 1104 aerum·

134 1165 246 1206 marum
260 1147 394 1207 ordinem
409 1151 527 1207 exstare
541 1147 620 1225 apud
634 1147 747 1207 nullum
763 1147 948 1225 seriptorem‚
964 1146 1098 1225 exeeptis
1113 1146 1219 1207 duobis

135 1247 248 1329 primis
279 1254 312 1311 et
338 1248 481 1311 extremis
509 1240 632 1324 ἄθλοις,
666 1250 775 1332 quibus
804 1251 997 1312 eontinentur
1021 1269 1124 1329 pugna
1151 1268 1217 1309 oum

135 1352 246 1430 leone,
278 1374 345 1416 oum
367 1352 488 1434 Hydra,
510 1374 574 1416 eum
598 1354 736 1427 Cerbero,
758 1373 864 1432 pomae
886 1353 1129 1432 Hesperidarum.
1175 1357 1219 1414 Ao

136 1477 181 1518 ns
201 1459 260 1519 hoo
280 1457 399 1540 quidem
426 1457 516 1518 ullius
538 1457 679 1519 momenti
709 1458 744 1517 ad
767 1457 980 1520 eoufioiendam
1003 1460 1135 1518 nostram
1158 1455 1218 1517 dis·

140 1560 334 1645 qnisitiouem
356 1567 411 1638 est,
433 1564 513 1645 quod
535 1581 574 1624 ex
587 1562 803 1641 posterioribus
825 1562 1009 1641 temporibus
1031 1561 1215 1624 enumeratio

142 1667 177 1727 in
200 1668 337 1746 Append.
359 1666 483 1729 Planud.
506 1666 590 1730 XVL
614 1672 654 1727 92
678 1672 792 1743 exstat,
823 1668 874 1728 ubi
897 1667 972 1729 miro
995 1667 1123 1749 quodam
1146 1685 1218 1729 oasu

143 1777 261 1835 sextum
289 1771 385 1834 looum
414 1758 583 1835 Amazones
612 1771 758 1835 obtinent
802 1769 902 1836 Quid?
932 1771 1012 1859 quod
1042 1769 1133 1833 stiam
1165 1769 1219 1831 ille

141 1876 284 1938 aerumna
303 1876 336 1937 in
367 1876 495 1955 metopis
516 1876 620 1956 templi
650 1877 733 1940 Iovis
755 1875 903 1956 Olympici
926 1881 1012 1937 sexto
1033 1875 1099 1936 loeo
1122 1877 1219 1937 nomi·

140 1986 214 2043 nata
233 1979 311 2041 nihil
330 1979 427 2056 valet,
448 2000 514 2042 oum
538 1979 701 2041 Pausanias
722 1978 837 2042 verbis:
866 1974 927 2040 ἔστι
955 1973 987 2039 di
1018 1975 1051 2040 lv
1078 1977 1218 2064 Oleastro

141 2079 195 2146 sal
214 2072 394 2164 Ἡρακλέους
414 2076 451 2143 sd
473 2076 568 2145 rottei
588 2083 650 2144 ssia
671 2079 782 2164 ἔργων,
804 2082 995 2157 testifioetur,
1016 2082 1083 2145 illas
1102 2104 1218 2146 aarum·

141 2207 197 2250 nas
224 2208 285 2250 nou
314 2172 396 2248 tot«
423 2207 499 2272 quae
529 2187 669 2250 diouutur
690 2206 765 2250 esse.
810 2188 893 2254 Quae
916 2208 980 2250 eum
1003 2188 1047 2248 ita
1067 2187 1143 2261 sint,
1165 2188 1219 2249 eli·

142 2292 212 2376 quis
232 2310 342 2370 negare
362 2297 471 2372 potest,
493 2298 608 2355 sextam
630 2310 801 2354 aerumnam
824 2310 888 2353 ease
910 2312 1039 2372 pugnam
1056 2311 1123 2355 oum
1140 2293 1218 2372 Hip·

142 2397 249 2478 polyts
267 2397 386 2473 laetam,
409 2416 587 2480 quemquam
611 2417 671 2458 non
692 2417 800 2475 magna
821 2416 886 2458 oum
911 2397 1010 2476 speeie
1025 2397 1099 2460 veri.
1137 2399 1216 2475 Ergo

144 2506 257 2563 eertum
279 2502 316 2560 ad
339 2499 428 2560 tinem
450 2499 610 2579 pervenire
631 2519 692 2560 uon
715 2520 880 2579 possumus,
902 2521 969 2562 oum
991 2501 1130 2563 Plautino
1152 2501 1218 2563 loeo
1346 2492 1349 2497 ’

144 2623 315 2665 aerumnam
344 2608 376 2663 et
403 2623 468 2664 esse
489 2622 619 2681 pugnam
642 2603 827 2683 Hippolytes
849 2610 881 2664 et
901 2603 1022 2664 minime
1044 2624 1109 2665 esse
1131 2623 1219 2683 possa
1247 2620 1253 2660 .·

9 2730 11 2735 ’
75 2782 78 2786 ¹
145 2712 287 2781 statuere,
307 2726 367 2767 non
383 2706 542 2766 abhorreat
555 2725 574 2766 a
587 2705 724 2768 veritatis
739 2706 848 2784 speeie.
877 2704 1076 2771 Quamobrem
1092 2713 1138 2768 set
1153 2726 1217 2767 esse

145 2809 234 2870 debet
253 2808 457 2886 pronuntiare,
478 2808 560 2867 illam
576 2827 747 2869 aerumnsm
763 2815 843 2869 oerte
861 2828 900 2868 ex
915 2809 1027 2869 (iraeoo
1041 2811 1125 2871 sonte
1141 2830 1219 2870 aum·

143 2918 226 2990 ptem
248 2930 328 2986 asse,
358 2910 411 2971 ubi
438 2910 565 2972 tortasse
594 2910 646 2972 illo
677 2907 782 2972 ‘sexta'
809 2911 954 2973 vocabulo
988 2913 1104 2973 adieoto
1136 2913 1219 2974 iocus

145 3013 339 3088 efficiebatur,
361 3032 449 3096 quem
471 3032 527 3075 noa
548 3014 718 3093 perspicere
739 3034 799 3075 non
822 3035 987 3093 possumus

231 3217 270 3277 In
285 3216 521 3279 lineatoris
542 3237 573 3279 r.
588 3223 649 3278 469
673 3219 822 3281 (therinus
844 3219 1027 3295 aduleaosns,
1051 3243 1083 3283 se
1105 3222 1221 3284 nullum
1339 3235 1342 3242 '

147 3319 208 3381 iam
230 3340 305 3397 asse,
333 3319 495 3381 adfirmans
517 3320 606 3396 disis,
628 3322 772 3399 solonge
794 3321 896 3401 peiore
917 3324 1041 3385 fortune
1062 3323 1107 3385 uti
1130 3345 1220 3407 quam

147 3424 326 3496 Pentheum,
350 3441 437 3502 quem
460 3425 596 3485 Beoohae
617 3425 846 3504 disosrpssrint:
1314 3408 1318 3412 ¹

234 3524 401 3585 Pentheum
424 3524 583 3604 diripuisse
605 3525 693 3588 aiunt
714 3527 855 3601 Baoohas,
878 3547 972 3603 nugas
994 3549 1147 3591 muumas

237 3627 343 3688 Fuisse
364 3628 462 3703 oredo,
482 3649 555 3709 prae
577 3649 636 3712 quo
658 3637 746 3710 paeto
770 3651 825 3709 ego
848 3631 986 3693 divorsus
1008 3633 1169 3696 distrahor.

188 3779 190 3784 .
235 3730 296 3791 (lar
315 3749 371 3806 ego
392 3731 473 3805 vivo,
496 3751 550 3794 our
571 3753 632 3793 uon
653 3733 774 3807 morior,
798 3733 870 3815 quid
893 3735 965 3793 mist
985 3734 1017 3794 in
1041 3736 1106 3798 rita
1127 3736 1220 3797 boni?

152 3828 328 3910 quibuseum
338 3830 474 3891 versibus
485 3831 634 3906 ooniungo
644 3831 745 3892 looum
762 3853 800 3893 ex
816 3832 973 3892 Vidularia
983 3835 1063 3911 apud
1074 3835 1219 3898 Priseiau.
1287 3908 1288 3911 Ἴ

151 3952 201 4012 pg.
218 3931 296 3991 738:
318 3930 451 3992 eiusdem
465 3932 602 3993 Baoohae
615 3933 754 3994 feserunt
768 3939 900 3994 nostram
916 3953 1023 3996 navem
1038 3937 1222 4001 Pentheum:

152 4032 204 4095 ubi
224 4052 291 4094 oum
306 4031 433 4094 Baoohis
448 4041 670 4113 oompounntur
690 4034 741 4097 vel
755 4036 863 4097 fluetus
880 4035 935 4099 ⁴vel
949 4043 1120 4119 tempestas.
1157 4042 1224 4102 -Sed
1298 4101 1300 4104 ,
1364 4079 1367 4084 -
