2800 4684
603 266 915 337 -23-.

54 387 57 393 ¹
174 434 205 493 st
224 448 269 492 vs
295 432 392 490 rosaz

279 534 331 596 Fit
349 522 435 596 uasta
456 529 553 605 Troia,
576 529 717 592 scindunt
737 548 874 608 prooeras
896 515 1080 608 Pergamum.
1184 530 1187 536 “

76 614 79 622 ’
184 678 187 684 ι
279 636 360 699 Soivi
383 655 439 712 ego
460 634 519 693 iam
542 633 651 694 dudum
673 633 739 695 iore
760 653 808 695 me
830 631 955 694 exitium
976 633 1138 710 Pergam03

171 745 329 824 postquam
356 735 521 800 Nioobulus
551 734 702 816 pollicitus
732 742 792 812 ast,
823 755 854 798 se
880 754 984 796 aurum
1014 736 1149 797 daturum
1173 754 1251 797 esse.

138 846 140 851 ’
172 844 296 908 Aooedit
331 842 410 927 quod
443 860 488 902 vs.
519 844 687 902 985-944
725 842 856 919 perbene
893 840 1036 919 leguntur
1070 847 1140 921 post
1173 844 1248 914 934,

173 969 262 1034 quem
293 946 427 1010 ordinem
457 944 573 1008 oodioes
594 944 755 1024 praebent,
787 965 854 1007 oum
882 942 943 1007 illis
973 944 1058 1027 quasi
1079 942 1251 1007 declaretur

171 1060 202 1117 et
223 1057 381 1115 excusetur
409 1048 468 1111 ista
498 1048 689 1112 exclamatio:
720 1048 857 1110 Ol‘roia
877 1068 921 1130 sq.
966 1048 1072 1132 Neque
1093 1046 1173 1110 enim
1196 1050 1251 1111 da·
1291 1059 1294 1064 “

170 1162 241 1218 sunt
261 1154 547 1234 peratrugodumena
569 1152 748 1213 comicorum
764 1152 942 1214 Graecorum
964 1171 1004 1214 ax
1016 1152 1122 1215 Iliadis
1135 1151 1251 1214 fabulis

86 1284 89 1292 ·
170 1264 297 1340 sumpta,
319 1258 359 1321 of.
381 1256 507 1336 Antipla
529 1256 605 1334 frog.
620 1255 726 1335 (Mein.
747 1255 808 1319 III.
832 1257 885 1334 25)

375 1351 411 1422 ‘O
432 1355 486 1439 μὲν
507 1355 666 1431 Μενέλεως
688 1352 846 1438 ἔπολὲμηὸ
870 1355 922 1437 ἔτη
944 1354 1017 1420 otae

373 1467 436 1536 τοῖς
462 1459 560 1544 Tpool
582 1456 632 1523 sisoi
654 1466 780 1544 γυναῖκα
802 1455 856 1542 τήν
876 1454 952 1540 ὄψιν
972 1456 1076 1541 καλήν.

168 1571 276 1632 Nonne
297 1569 357 1632 tole
371 1568 484 1652 aliquid
506 1566 676 1631 invenimus
696 1567 730 1627 in
744 1588 789 1630 vs.
806 1569 1021 1629 925-9281a
1036 1585 1157 1630 saeuae:

296 1673 440 1736 ⁴Atridae
461 1672 520 1733 duo
543 1671 644 1733 oluent
662 1672 769 1734 fauisse
789 1671 907 1734 sasinus
928 1670 1098 1747 maximum,

319 1777 418 1861 Quum
440 1773 552 1836 Priami
573 1774 700 1853 patriam
722 1776 899 1853 Pergamum
922 1796 984 1859 eqs

98 1866 100 1871 ’
167 1883 228 1944 Sed
248 1901 331 1944 uuna
352 1880 390 1941 od
411 1876 531 1957 singula
550 1877 639 1939 huius
660 1871 778 1942 fabulae
793 1880 934 1942 aooedere
954 1879 1053 1943 lioeat.
1095 1879 1133 1940 Iu
1154 1898 1251 1942 versu

171 1991 189 2048 o
211 1984 336 2049 Baoohis
358 1981 515 2046 Pistoaleri
537 1981 736 2046 adulescentis
757 2003 873 2047 errores
893 1984 1060 2047 lamentam
1082 1983 1167 2047 disits
1280 1972 1282 2015 ³

321 2087 441 2151 Ulixem
462 2084 564 2150 audivi
584 2078 676 2148 fuisse
698 2087 997 2165 aerumnosissimum,

321 2190 381 2257 Qui
402 2189 511 2268 viginti
534 2173 621 2251 annis
643 2208 745 2252 emens
767 2212 786 2253 ο
806 2191 905 2271 patria
924 2190 1002 2253 afuit
1022 2210 1084 2273 oqs.

166 2314 243 2381 quae
282 2297 418 2374 speetant
449 2293 487 2355 od
514 2291 588 2355 illud
625 2293 817 2356 Homerioum
854 2278 1072 2375 ’πολύτροπὸη
1095 2287 1129 2366 ὃς
1163 2285 1246 2372 μάλα

165 2391 258 2463 sro'lia
279 2388 428 2480 πλάγχθη,
458 2395 530 2461 satis
558 2403 661 2460 notum
692 2406 900 2478 argumentum
922 2399 1092 2463 oomoediae
1114 2398 1243 2476 Attioae,

165 2504 313 2591 siquidem
343 2501 422 2582 opud
445 2499 572 2565 oomioos
593 2500 721 2567 Grasoos
749 2503 854 2568 titulus
875 2495 1042 2578 Ὀδυσσέως
1062 2503 1174 2586 septies
1194 2503 1243 2566 iu·
1328 2506 1332 2515 '
1380 2532 1381 2561 l

165 2609 294 2678 venitur.
344 2607 505 2672 Praeterea
538 2611 637 2672 sutem
668 2608 810 2672 memorie
842 2608 941 2674 Ulixis
975 2609 1104 2674 ementis
1141 2614 1244 2675 exstet

165 2715 243 2796 apud
264 2712 495 2791 Aristophanem
523 2712 640 2792 saepius
668 2733 757 2797 quom
789 2714 889 2778 semel
918 2714 955 2778 ot.
977 2716 1058 2779 Plut
1081 2719 1154 2793 812,
1187 2713 1241 2799 qui

165 2822 302 2900 speotant
330 2817 367 2877 sd
389 2815 490 2876 dolum
510 2815 618 2891 Ulixis,
647 2837 708 2898 quo
730 2818 849 2896 deaepit
870 2819 1039 2899 Cyelopum,
1070 2826 1135 2883 tum
1156 2839 1239 2899 vesp.

170 2924 337 2985 rel-1⁸6
359 2919 543 2981 adeundam
565 2938 627 2980 rem
649 2926 827 2998 speotautes,
849 2922 977 3004 denique
1000 2942 1049 2985 ov.
1076 2925 1166 2999 1⁵61,
1187 2922 1239 2982 ubi
1259 2944 1275 3015 Ι·
1378 2952 1379 2955 =

164 3023 252 3090 venit
271 3016 376 3082 Ulixes
398 3021 434 3080 ad
456 3021 577 3081 inferos.

249 3123 347 3186 Versu
375 3126 432 3182 155
455 3119 572 3182 Ludum
593 3123 798 3200 paedagogum
824 3125 933 3186 iratum
955 3131 1046 3205 atque
1067 3125 1239 3187 adolasaen·

165 3226 260 3290 tulum
275 3223 492 3302 prohibentem,
514 3223 672 3303 quominus
686 3225 724 3284 ad
738 3225 913 3287 Baoahidem
928 3246 961 3287 se
975 3228 1119 3302 senserat,
1140 3227 1238 3289 Pisto·

164 3330 261 3391 olerum
281 3324 457 3403 aggrediens
478 3325 688 3399 oomminaturz

250 3428 345 3503 Fiam,
366 3431 402 3490 ut
422 3445 477 3506 ago
499 3427 614 3506 opinor,
636 3429 798 3507 Hercules,
810 3436 853 3498 tu
874 3436 973 3494 autem
995 3452 1028 3495 es
1048 3432 1153 3495 Linus.

251 3532 361 3619 Notum
384 3536 438 3606 est,
460 3530 545 3592 illum
558 3531 676 3617 *Linum
697 3533 837 3596 Heroulis
858 3535 1032 3612 magistrum
1053 3555 1072 3597 s
1092 3533 1239 3612 distipulo

164 3636 355 3700 interluetum
370 3651 445 3708 essa,
466 3651 506 3694 ex
521 3632 643 3694 Diodor.
657 3634 718 3695 111„
741 3636 791 3711 at,
812 3637 986 3715 Apollodor.
1002 3638 1047 3700 11.
1070 3642 1100 3713 4,
1122 3642 1151 3698 9.
1180 3635 1239 3698 Sed

165 3739 238 3824 quid
265 3734 367 3798 multis
398 3754 474 3814 opus
502 3743 549 3799 est
574 3738 690 3812 verbis,
721 3758 788 3799 aum
817 3759 872 3802 nos
900 3759 963 3803 nou
982 3741 1094 3820 fugiat,
1122 3741 1183 3802 iam
1205 3740 1240 3802 in

164 3843 265 3906 Attiou
278 3838 431 3901 oomoedia
443 3836 604 3899 Herculem
618 3839 760 3917 magistro
775 3862 860 3904 usum
877 3861 940 3906 esse
956 3843 1044 3920 Lino,
1066 3845 1103 3906 of.
1125 3862 1238 3932 quaeso

163 3942 301 4009 Alexidis
321 3938 440 4002 fabulae
462 3938 531 4001 Liui
552 3941 625 4019 frog.
647 3940 752 4021 (Mein.
775 3944 831 4006 111
853 3964 903 4024 pg.
925 3948 1010 4025 448).
1043 3948 1123 4027 Ergo
1145 3946 1239 4011 etism

162 4050 220 4111 hoo
246 4043 564 4125 pomtregodumenum
584 4044 678 4124 spirat
709 4045 850 4110 Graeaem
876 4049 1038 4130 parodism.
1269 4052 1273 4057 ’
