2800 4684
594 321 807 386 ..11-

162 475 271 537 ohante
292 474 471 537 Graecorum
492 495 604 552 augure
627 477 728 536 omnia
754 483 825 538 nota
846 481 918 538 sunt
946 494 986 536 ex
1006 475 1115 549 Iliade,
1147 481 1236 556 atque

78 615 80 623 ν
161 578 313 640 Porthaon
343 586 378 640 ut
399 585 485 658 pater
507 579 601 639 Oenei
627 579 661 640 iu
682 578 835 656 Euripidis
856 578 957 639 fabula
979 579 1081 640 Oeneo
1102 578 1236 639 nomina·

163 686 213 743 tus
234 689 320 756 erat,
349 689 503 760 praeterea
523 691 622 744 autem
646 683 710 744 eius
732 683 875 744 memorio
903 688 1002 745 exstat
1027 681 1059 743 iu
1082 679 1235 759 Eupolidis

162 784 266 846 fabula
291 777 418 856 Πά1εσι,
448 785 532 848 ouius
552 787 627 864 frag.
649 785 681 848 in
704 786 798 848 sohol.
829 787 866 846 ad
888 771 1043 865 Aristopb.
1065 804 1129 847 ran.
1155 789 1231 846 1⁶61

161 888 268 970 (Mein.
292 891 334 952 11.
358 889 432 968 ola)
455 889 499 952 sio
521 890 608 953 nobis
630 891 772 953 traditum
794 882 858 952 eat:

366 984 422 1053 οδκ
444 986 572 1073 σίργαλάα
595 989 657 1071 δῆτ’
680 990 742 1055 ἐστὶ
764 987 887 1071 πάσχειν
908 988 990 1053 ταῦτ’
1016 987 1077 1067 tut,

248 1086 253 1097 ’
367 1089 418 1157 εδν
440 1097 670 1174 Λευκολοφίδου
691 1096 786 1157 παῖδα
810 1099 863 1157 τοῦ
888 1089 1091 1174 Πορθάονος,

163 1201 300 1262 Ceterum
324 1221 396 1279 prae
411 1201 570 1265 Calohante
591 1202 673 1264 illins
688 1201 868 1263 Porthaonis
889 1200 1002 1276 mentio
1024 1202 1082 1262 hoo
1103 1199 1169 1292 looo
1191 1219 1237 1259 sa·
1301 1242 1303 1247 .

161 1302 200 1364 tis
221 1303 342 1381 ignotam
374 1306 560 1368 Meineolrius
589 1325 710 1390 quoque
737 1306 800 1368 11.
831 1325 893 1366 non
922 1305 1066 1385 perspicit
1095 1282 1169 1385 quid
1196 1305 1237 1364 sit

161 1408 242 1489 qnod
256 1408 507 1489 Lenoolophidam
522 1411 701 1474 Porthaonis
721 1411 830 1472 filium
838 1410 951 1471 feeerit
994 1408 1142 1487 Bergkius
1162 1427 1234 1469 vero

160 1510 194 1570 in
216 1512 407 1574 adnotatione
429 1515 516 1576 dioitz
553 1515 621 1576 Und
643 1516 711 1576 dass
733 1534 801 1574 man
823 1513 888 1575 sich
910 1514 963 1575 der
983 1514 1161 1588 Badautnng
1183 1512 1235 1572 des

161 1614 292 1677 Namens
312 1617 393 1679 wohl
413 1619 545 1681 bawusst
565 1638 643 1694 war,
672 1618 753 1697 neigt
774 1619 822 1677 die
845 1618 1020 1691 Anekdote,
1042 1615 1156 1679 weloho
1177 1614 1236 1677 Po·

160 1717 250 1795 lyaeo
273 1718 326 1781 VI.
351 1724 385 1795 l,
410 1727 428 1782 6
456 1742 516 1784 rou
540 1722 706 1797 Meriones,
739 1723 806 1782 dem
836 1720 901 1782 sein
925 1720 1041 1781 Broder
1060 1719 1152 1779 Jasou
1174 1738 1234 1780 von

40 1896 43 1905 ,
161 1821 293 1896 Pherae,
325 1823 470 1884 uaohdem
492 1844 525 1885 er
551 1825 604 1884 ihn
628 1844 722 1886 nuvor
744 1823 885 1884 heimlioh
915 1822 1015 1883 rainer
1035 1822 1162 1883 Bohiitas
1184 1822 1237 1881 bo·

161 1925 250 1986 raubt
281 1926 377 2001 hatte,
406 1927 517 1988 seinem
551 1930 627 1990 aben
659 1929 828 2005 geboronen
857 1927 939 1988 Sohn
969 1926 1026 1986 den
1055 1925 1168 1985 Nomou
1197 1944 1238 1984 su

31 2114 34 2121 Ι
101 2026 104 2033 ’
161 2028 258 2105 geben
280 2030 383 2106 gebot,
406 2032 536 2093 eraiihlt:
560 2024 723 2108 Μηριόνης
744 2026 787 2101 δέ,
800 2021 915 2106 ’ἐπειδή
939 2048 983 2099 εις
1003 2019 1134 2107 ἤγγειλεν
1155 2018 1238 2106 αὐτῷ

162 2131 381 2210 πεπορθῆσθαι
402 2125 455 2209 τὴν
479 2130 587 2204 οἰκίαν,
611 2125 768 2208 δεξάμενος
790 2125 823 2192 εδ
846 2127 1008 2207 οδάνισμα,
1030 2121 1127 2205 ὄνομα
1148 2125 1237 2188 idere

160 2234 201 2314 opi
223 2232 335 2317 παιδίῳ
360 2230 538 2314 Πορθάονα.
584 2241 684 2318 Atque
707 2234 955 2297 Wilumowitziua
977 2233 1011 2294 iu
1033 2231 1250 2311 Luetjohanni,

162 2336 198 2397 de
220 2339 330 2416 Apulei
353 2340 390 2401 de
413 2330 476 2401 Deo
499 2342 629 2402 Socratis
649 2341 728 2401 libro
751 2339 950 2402 dissertation.
972 2358 1020 2416 pg.
1045 2343 1085 2397 88
1115 2335 1236 2416 (Grypo.

167 2440 245 2503 1878
260 2442 374 2523 progr.)
396 2443 667 2532 oensereridetur,
689 2445 739 2505 his
760 2444 834 2506 loois
849 2442 1029 2505 Porthaonis
1051 2459 1159 2502 nomen
1181 2457 1238 2518 per

161 2546 362 2626 metonymian
382 2548 508 2626 figuram
531 2567 585 2627 pro
607 2555 759 2611 vastatore
781 2546 925 2608 adhiberi.

154 2734 156 2739 Ι
247 2649 420 2731 Sequuntur
440 2671 545 2713 versus
565 2657 625 2712 886
642 2672 714 2732 equ,
737 2651 788 2711 ubi
804 2651 1005 2730 Syrasusanus
1027 2647 1238 2708 Menaeohmus

84 2783 86 2787 ·
160 2751 303 2814 simulans
324 2753 471 2815 insaniam
493 2764 528 2816 ut
548 2756 715 2816 absterreat
736 2773 869 2815 socerum
891 2752 993 2814 fratria
1015 2752 1102 2813 dioitz
1218 2744 1220 2747 ’

160 2856 245 2918 Εοσο
259 2858 385 2933 Baoohe,
407 2859 467 2920 hou
489 2857 615 2934 Bromie,
639 2879 698 2941 quo
721 2877 768 2919 me
790 2859 822 2919 iu
844 2858 951 2921 silvam
972 2863 1113 2920 venatum
1134 2873 1234 2916 vonas

106 3032 109 3038 q
160 2960 309 3042 adquam
329 2981 448 3023 versum
470 2964 609 3025 adsoribo-
635 2963 705 3024 illos
728 2981 775 3022 -ex
803 2961 955 3040 Euripidis
983 2959 1105 3022 Baoohis
1135 2958 1238 3019 fabula
1278 3036 1281 3041 ἡ

144 3071 295 3144 'sumptos
317 3064 413 3147 (1189
437 3065 528 3147 oqs.)r

147 3147 150 3157 ⁴
288 3184 290 3188 ⁴
407 3158 426 3229 δ
448 3161 577 3247 Βάκχιος
598 3163 762 3250 κυναγέτας
783 3162 880 3244 σοφάς
902 3167 1005 3243 σοφαῖς
1065 3245 1068 3249 .

406 3263 526 3351 oivinpl'
547 3269 596 3335 irai
618 3266 703 3358 θήρα

288 3379 290 3385 ’
407 3375 496 3437 τοῦδε
518 3369 689 3447 Μαινάδας.
759 3420 763 3428 -

159 3475 272 3540 Versus
295 3483 463 3555 810-880
486 3487 670 3563 sequuntur:

223 3583 300 3646 Εοοο
321 3584 430 3663 ΔροΠο
452 3585 526 3647 mihi
548 3605 588 3647 ex
609 3586 707 3648 oraolo
729 3585 865 3664 imperat,

223 3686 265 3750 Ut
285 3707 341 3765 οςσ
361 3688 424 3763 illio
446 3691 548 3753 oeulos
569 3709 690 3751 exorem
714 3688 899 3768 lampadibus
920 3687 1100 3750 ardentibus.

151 3850 153 3853 .
224 3833 334 3854 ......
356 3793 444 3854 Nune
465 3793 574 3855 huno
565 3793 798 3872 rmpurissimnm

264 3895 425 3958 Barbatum
446 3896 604 3959 tremulum
625 3895 795 3969 Tithonum,
819 3894 870 3983 qui
892 3893 972 3955 oluet
992 3892 1104 3955 Guoiuo
1126 3896 1211 3971 patre

265 3992 315 4060 Ita
336 3998 441 4061 mibi
432 4007 627 4078 imperarant
650 4018 705 4076 ego
728 3997 816 4059 huius
838 3997 969 4058 membra
989 4003 1080 4078 atquo
1101 4013 1168 4057 ossa
1187 4003 1236 4057 ει·

912 4119 971 4181 que
993 4107 1080 4160 artua

265 4203 469 4267 Comminnam
489 4204 543 4265 illo
565 4204 707 4284 soipione,
731 4222 819 4285 quem
841 4202 907 4282 ipso
928 4203 1027 4264 habet
