2800 4684
606 259 822 328 ..35-

250 423 300 484 ‚In
319 440 409 487 versu
440 418 570 502 denique
593 420 653 481 178
676 410 767 482 huius
797 418 915 482 iebulee
944 418 1021 480 ulter
1049 438 1146 481 senex
1166 418 1258 481 elteri

176 526 252 590 vitio
275 526 341 600 det,
373 522 453 605 quod
477 521 565 583 eliem
586 543 712 585 uxorem
743 523 775 583 in
797 519 1018 584 matrimonium
1041 523 1149 584 dooere
1170 521 1258 595 velit,

177 630 250 693 setis
271 628 315 690 illi
333 644 404 689 ‘esee
426 624 548 700 debere,
575 645 640 687 eem
662 646 787 690 uxorem
810 645 899 709 quom
922 632 1011 688 entee
1031 625 1187 701 hebuerit,
1209 625 1260 686 vi·

175 734 273 798 vendo
295 730 421 795 vioisso:
439 729 601 809 respondet
622 730 699 793 ulter
719 750 813 793 sonex
834 730 1035 809 Pesipheuess

240 834 387 899 Hercules
408 851 464 911 ego
485 832 539 909 tui,
563 833 632 896 dum
654 835 708 896 illo
728 855 843 898 meeum
865 834 940 899 fuit:

239 942 345 1024 Neque
367 942 454 1002 sexte
475 955 616 1002 unumne
637 940 774 1004 eoerbior
794 939 920 1003 Hereuli
943 959 1031 1024 quom
1052 939 1093 1001 mi
1115 939 1169 1001 ille
1208 995 1211 999 .

946 1044 1099 1108 obientest

262 1148 319 1208 Sed
343 1138 470 1224 primum
501 1147 620 1228 quidem
650 1148 862 1228 inquirendum
890 1147 1025 1223 videtur,
1059 1165 1136 1229 quoe
1164 1146 1262 1206 fuerit

116 1244 119 1251 ’
176 1257 263 1314 sexte
283 1267 425 1310 eorumne
440 1249 588 1325 Herculis,
603 1257 702 1332 ¹etque
718 1250 918 1328 Kiesslingius
932 1252 1011 1312 llus.
1033 1250 1118 1311 rhen.
1139 1247 1262 1309 xxm

175 1373 206 1433 p.
229 1355 291 1413 418
313 1351 381 1411 edu.
405 1355 433 1426 2,
463 1351 514 1412 ubi
543 1353 579 1412 de
608 1372 732 1412 numero
761 1373 815 1414 sex
843 1353 921 1431 opud
944 1353 1083 1412 Plautum
1107 1352 1259 1426 disseruit,

177 1454 264 1517 dieite
287 1452 438 1515 netiirlieh
459 1454 500 1516 ist
520 1454 601 1515 diese
624 1461 710 1516 sexto
731 1474 874 1516 eerumne
895 1455 981 1517 nieht
1001 1455 1056 1514 eui
1076 1454 1134 1514 don
1149 1452 1261 1514 Giirtel
1313 1484 1316 1490 Δ

176 1560 229 1619 der
249 1555 418 1635 Hippolyte
438 1590 480 1602 -
502 1562 581 1618 trote
611 1560 690 1620 Men.
715 1564 777 1618 200
801 1591 842 1603 —
865 1579 902 1619 zu
932 1559 1093 1633 beziehen,
1126 1556 1259 1618 sondern

175 1659 327 1724 eutweder
348 1659 402 1718 eui
420 1659 469 1720 die
480 1659 712 1738 Hereufholung
734 1662 786 1721 des
800 1663 946 1724 Cerberus
967 1662 1011 1723 els
1032 1661 1124 1723 letete
1139 1660 1257 1734 Arbeit,

176 1764 250 1824 oder
270 1762 324 1822 suf
343 1760 391 1821 die
413 1761 535 1841 Hydra,
558 1763 614 1824 mit
635 1764 688 1823 der
710 1765 763 1824 der
784 1765 910 1826 Dichter
932 1764 1153 1842 unertrigliehe
1174 1764 1258 1840 Ehe·

175 1863 330 1940 gettinnen
363 1864 440 1925 uuoh
469 1870 553 1927 sonet
585 1865 676 1926 diters
698 1867 873 1944 vergleieht.
928 1866 1014 1932 Quod
1046 1872 1082 1928 ut
1110 1866 1256 1940 refellam,

176 1968 301 2027 Plautus
322 1970 439 2027 emtum
462 1951 672 2030 duobusloeis
695 1970 837 2029 feminam
859 1960 1014 2048 oomponit
1035 1988 1102 2030 oum
1125 1974 1254 2043 exeetre,

175 2076 265 2148 etque
293 2086 331 2129 ne
361 2067 408 2128 his
440 2068 559 2150 quidem
591 2070 665 2132 loeis
694 2072 808 2132 femine
836 2077 883 2133 est
909 2092 987 2133 uxor
1007 2070 1253 2143 eonvioiebunde,

61 2247 64 2251 ¹
174 2171 226 2232 sed
248 2167 372 2244 oneille,
393 2169 425 2229 in
450 2190 537 2252 quom
560 2172 715 2234 invehitur
737 2172 804 2234 leno
827 2173 922 2235 Bellio
950 2175 988 2234 of.
1010 2172 1147 2234 Pseudol
1170 2175 1252 2246 uls,

103 2290 106 2297 ’
175 2274 239 2334 Ces.
269 2271 329 2332 111.
361 2276 395 2346 d,
427 2276 475 2333 19.
536 2275 696 2337 Praetereo
726 2281 823 2336 eutem
856 2295 998 2337 eorumne
1031 2262 1092 2356 per*
1115 2274 1252 2355 Hydram

176 2376 283 2438 effeote
309 2374 427 2438 obtinet
453 2376 544 2439 elium
574 2377 697 2454 losum,
719 2380 912 2462 quemobrem
937 2400 997 2441 non
1028 2385 1129 2460 potest
1155 2378 1253 2440 nomi·

175 2478 240 2540 neri
271 2483 367 2542 sexte.
420 2481 500 2559 Ergo
530 2482 566 2542 de
584 2481 690 2561 Hydra
712 2489 809 2546 netum
832 2490 886 2545 est
930 2482 1047 2545 Deinde
1068 2486 1167 2544 eutem
1189 2503 1252 2544 non

173 2583 333 2660 intellego,
364 2583 435 2665 quid
469 2584 509 2648 sit
538 2587 617 2668 quod
649 2607 704 2648 nos
732 2588 889 2667 prohibent
925 2607 963 2650 ne
992 2593 1107 2650 sextum
1136 2607 1252 2649 oerum·

174 2705 243 2747 nem
271 2705 335 2747 esse
366 2707 495 2766 pugnem
524 2709 589 2750 oum
613 2695 796 2751 Amazonum
825 2690 930 2767 regine
958 2696 1130 2753 stetuemue
1173 2691 1253 2752 oon·
1318 2753 1324 2763 ,

162 2790 304 2851 donemus
333 2790 410 2851 hene
439 2791 477 2851 ob
500 2809 617 2853 oensem
639 2793 793 2854 Menueoh.
817 2797 898 2869 200,
924 2813 973 2855 res
994 2795 1096 2856 eedem
1119 2799 1182 2869 est,
1201 2793 1254 2855 vir

171 2897 287 2970 pugnet
308 2911 374 2953 oum
403 2890 531 2969 femine,
562 2893 609 2957 oui
632 2894 741 2973 pellem
764 2882 904 2975 surripit,
932 2902 1022 2978 etque
1052 2898 1126 2958 hese
1146 2914 1253 2975 pugne

172 2999 296 3056 venetur
317 2993 457 3058 Herculis
477 3015 619 3058 somnne
640 2997 840 3076 Hippolytoe:
1106 2986 1109 2991 ⁵

660 3101 761 3162 Nimio
784 3121 839 3180 ego
861 3103 940 3167 hene
960 3104 1094 3183 perieulo

49 3213 58 3219 ·
171 3202 309 3281 surrupio
324 3201 423 3264 hodie.
446 3222 512 3263 meo
528 3203 646 3285 quidem
669 3205 769 3265 enimo
792 3205 829 3265 eb
844 3205 1012 3287 Hippolyte
1030 3205 1250 3285 subcingulum,

171 3304 318 3368 Heroules
338 3305 417 3366 houd
440 3324 535 3387 oeque
556 3325 664 3384 magno
687 3328 828 3389 umquem
850 3310 974 3371 abstulit
994 3308 1176 3390 perieul01).

254 3407 354 3469 Unum
369 3409 533 3470 noneedoro
548 3429 647 3486 oogor,
669 3428 848 3492 quemquem
871 3413 902 3472 in
926 3415 1147 3491 comparatione
1169 3413 1249 3475 nihil

169 3512 263 3584 inest,
295 3511 375 3590 quod
401 3530 462 3571 uon
484 3513 591 3588 probet
611 3531 740 3590 pugnem
775 3499 841 3573 euin
862 3513 1046 3593 Hippolyte,
1075 3520 1175 3575 temen
1198 3522 1245 3577 est

170 3608 229 3673 elie
243 3630 338 3685 oense,
361 3630 421 3693 que
434 3619 586 3691 permotus
600 3613 726 3674 fortusse
745 3614 813 3694 quis
835 3613 953 3690 dixerit,
975 3615 1055 3676 illem
1071 3635 1258 3679 aerumnam·

169 3712 258 3775 elium
272 3712 411 3775 Herculis
427 3734 557 3793 pugnem
572 3733 645 3776 esse.
686 3717 741 3777 Est
755 3716 834 3777 enim
850 3716 976 3779 misifioe
989 3724 1077 3781 sexte
1091 3738 1242 3798 eemmnu,

101 3800 104 3807 ¹
169 3835 235 3876 oum
268 3816 347 3894 epud
377 3836 480 3878 omnes
508 3817 682 3895 soriptores,
715 3816 766 3898 qui
798 3819 834 3879 de
856 3819 911 3882 huo
932 3840 965 3881 re
986 3829 1136 3907 egerunt,
1156 3831 1244 3886 sexte

238 3953 265 4013 l)
282 3966 372 4015 nempe
395 3952 445 4003 heo
468 3951 602 4002 dleorlnnen
626 3953 801 4015 interpositum
827 3962 881 4004 ests
906 3971 963 4006 oum
981 3957 1024 4007 hio·
1038 3959 1115 4008 modo
1133 3959 1165 4008 ds
1182 3958 1242 4009 snb·

168 4041 241 4101 septo
258 4036 361 4102 ungulo
377 4042 474 4101 emer,
491 4038 546 4088 lllls
562 4038 697 4102 mploltur
713 4039 798 4089 oleos·
814 4040 977 4107 Hippolytes,
994 4056 1045 4106 que
1061 4044 1145 4095 ooeise
1159 4051 1205 4095 set

433 4134 436 4141 .
991 4126 1038 4193 3,
