2800 4684
594 352 808 420 ..14-

165 530 221 571 nes
241 507 383 589 paulatim
405 509 561 572 οαιαοὶαοοὶ
583 514 668 585 sunt,
697 529 786 591 quem
808 492 939 571 Romani
957 509 1048 571 etiam
1067 511 1238 590 adsumpse-

164 619 239 673 runt
257 612 472 691 posterioribus
492 612 684 690 temporibus,
707 614 754 673 oui
776 612 822 672 rei
843 612 929 673 testie
950 619 997 672 est
1016 613 1170 673 Horatius.

251 719 352 795 Atque
374 713 462 774 huius
482 713 562 790 regis
583 713 695 774 mentio
716 713 849 787 invente,
871 713 903 773 in
919 712 1034 792 (laptiv.
1049 713 1111 773 fab.
1131 731 1162 773 v.
1179 717 1239 774 90:

266 817 343 875 Nam
357 820 513 896 postquam
536 834 618 875 meus
639 833 695 875 rex
717 821 764 876 est
783 814 898 892 potitus
920 814 1050 876 hostium
1072 832 1135 895 eqe.
1164 832 1166 841 ⁴
1323 806 1327 811 ’

165 926 197 981 et
216 919 250 979 in
269 918 363 978 edu.
384 936 414 978 v.
438 922 514 978 4⁶5:
535 924 595 977 tam
618 917 735 977 oonddo
757 935 846 997 qnam
868 917 948 994 potis

45 1010 54 1017 ⁹
167 1022 218 1081 lle
237 1039 335 1080 meum
358 1025 580 1098 optentetnrum
600 1036 700 1094 regem
722 1018 863 1079 redioulis
885 1018 989 1079 modis.

94 1126 97 1129 ’
166 1131 199 1183 et
219 1123 303 1183 Διία.
320 1128 401 1183 ale:
424 1134 491 1182 na'm
513 1122 544 1181 ni
566 1123 693 1199 impetro

227 1244 328 1302 regem
348 1224 479 1301 perdidi:
500 1243 540 1284 ex
561 1242 660 1284 amore
682 1229 829 1285 tantumst
849 1225 963 1285 homiui
985 1225 1164 1299 inoeedium,

166 1335 198 1387 et
217 1328 250 1387 in
270 1325 390 1386 Terent.
411 1326 530 1385 Phorm.
552 1325 647 1386 Ina.
670 1329 729 1385 24:

229 1430 295 1490 Imo
317 1427 396 1488 anim
411 1415 504 1487 'nemo
526 1427 598 1487 satis
619 1444 674 1504 pro
696 1427 802 1487 merito
824 1427 949 1503 gratiam
971 1427 1034 1504 regi
1057 1427 1158 1503 refert,

160 1514 247 1593 'sens
267 1551 307 1590 ex
328 1528 448 1590 Grseois
469 1527 578 1589 fabulis
597 1531 718 1606 pendet,
740 1529 771 1589 in
794 1529 903 1611 quibus
924 1530 1041 1607 petroni
1064 1550 1131 1591 oum
1153 1530 1262 1608 para·'

166 1633 232 1694 sitis
260 1632 419 1693 introduoti
450 1639 530 1692 sunt.
582 1628 681 1695 Quid?
713 1633 792 1713 quod
823 1641 876 1694 aut
905 1632 992 1693 valde
1025 1652 1091 1693 erro
1124 1638 1177 1693 aut
1205 1635 1237 1693 in

165 1733 348 1813 Antiphanie
381 1725 529 1809 Διδύμοις
557 1732 659 1793 fabula
689 1733 801 1795 mentio
834 1740 933 1796 exstat
971 1736 1050 1812 regie
1087 1736 1239 1796 cuiusdam

165 1836 298 1919 parasiti.
339 1837 414 1897 Nam
437 1837 514 1914 apud
538 1835 629 1898 Mein.
651 1835 712 1898 III.
736 1842 776 1897 45
799 1837 942 1916 legimus:
1066 1892 1068 1895 .
1152 1848 1156 1855 ’

324 1933 364 2002 Te·
386 1931 532 2019 ποιήοιόν
552 1962 603 2017 μοι
624 1935 657 2000 re*
680 1936 755 2021 μέγα
776 1937 936 2020 προςφὲμα
958 1935 1068 2018 λαβών.

241 2111 243 2117 ,
321 2084 496 2106 ........
518 2040 570 2102 καὶ
591 2045 723 2103 θεαινῶν
743 2042 888 2122 μυρίους·

317 2138 406 2208 ἔοικ’
428 2143 479 2208 ἐπὶ
500 2140 619 2218 τούτοις
640 2149 715 2208 sedes
736 2149 788 2224 τῆς
809 2149 917 2224 σεμνῆς
930 2138 1026 2221 θεᾶς,
1081 2181 1084 2188 -

319 2249 371 2309 καὶ
396 2250 451 2308 τοῦ
472 2243 656 2328 γλυκυτάτου
677 2246 820 2326 βασιλέως
841 2248 999 2326 διμοιρίαν.

251 2354 382 2415 Primum
404 2351 524 2435 quidem
544 2352 578 2412 in
599 2353 654 2413 heo
675 2352 776 2412 sabula
796 2353 957 2431 parasitum
979 2353 1071 2431 fuisse
1092 2352 1164 2414 inde
1186 2372 1238 2431 ap·

165 2467 264 2539 paret,
295 2458 375 2539 quod
397 2457 506 2517 Athen.
529 2456 582 2516 VI.
604 2475 633 2533 p.
657 2457 718 2515 237
750 2458 786 2516 de
816 2456 955 2534 parasitis
988 2456 1100 2537 aliquid
1122 2457 1238 2535 profert

169 2584 210 2624 ex
230 2562 286 2621 hae
306 2558 408 2620 fabula
428 2566 590 2637 sumptum3
613 2565 676 2619 tum
697 2558 771 2619 haee
792 2561 884 2620 verbe
905 2558 936 2619 in
959 2578 1011 2619 ore
1032 2559 1154 2637 parasiti
1174 2579 1236 2620 non

167 2665 272 2742 inepta
300 2663 453 2734 videntum
488 2660 663 2740 perstringit
699 2667 798 2721 autem
825 2667 915 2737 poete
942 2663 1006 2726 hoo,
1026 2663 1091 2723 loeo
1121 2664 1235 2725 foedam

168 2766 354 2850 quorundam
384 2764 601 2838 adulationem,
630 2763 682 2843 qui
712 2762 845 2839 singulos
874 2764 997 2842 cyathos
1026 2765 1151 2840 singulis
1182 2764 1238 2824 diis
1264 2832 1266 2837 ¹
1302 2803 1305 2807 «

167 2871 297 2931 libantes
326 2867 359 2927 in
390 2866 537 2928 conviviis
544 2912 553 2942 ,
582 2866 615 2926 in
637 2867 780 2941 honoram
802 2865 882 2942 regis
904 2868 977 2926 duos
998 2867 1122 2944 cyathos
1143 2867 1257 2927 eifum·

75 3041 78 3046 ‚
168 2973 287 3043 derent;
319 2989 408 3049 quern
439 2988 536 3044 regem
568 2968 625 3028 hoe
655 2968 721 3029 loeo
752 2968 952 3028 Alexandrum
983 2988 1048 3028 sese
1077 2968 1154 3028 nihil
1184 2973 1237 3040 est,

168 3069 248 3153 quod
270 3071 357 3131 nobis
371 3070 561 3148 persuadeam
583 3071 694 3143 eodem,
718 3068 843 3129 fortasse
863 3069 975 3129 maiore
995 3069 1061 3131 iure
1082 3069 1133 3133 hio
1157 3069 1239 3130 loous

168 3174 342 3237 referendus
364 3179 411 3232 est
430 3173 468 3231 ad
489 3171 649 3249 parasitum
671 3175 829 3248 petronem
852 3170 1021 3233 adulantem
1034 3171 1072 3252 ¹).
1246 3153 1252 3164 ⁸

252 3278 290 3337 In
309 3293 400 3336 versu
421 3279 481 3333 985
505 3273 648 3352 legimns:

212 3379 308 3439 Immo
322 3377 433 3437 Nestor
453 3396 534 3438 nuno
548 3376 697 3457 quidemst
718 3377 755 3436 de
769 3375 878 3451 verbis,
900 3395 972 3454 prae
993 3383 1028 3437 ut
1042 3379 1152 3437 dudum
1173 3376 1240 3436 fuit

253 3480 304 3541 sto
324 3478 403 3539 enim
423 3480 481 3541 hoo
502 3480 567 3541 loeo
590 3479 778 3541 seribendum
799 3484 846 3540 est
859 3480 1017 3558 Spengelio
1041 3474 1129 3553 duee;
1151 3484 1241 3560 atque
1293 3554 1296 3559 Ι

168 3587 280 3647 Nestor
308 3591 343 3645 ut
372 3589 436 3646 eret
462 3576 581 3662 sapiens
608 3583 771 3662 opponitur
791 3581 895 3643 insano
920 3583 1127 3658 Menaechmo,
1161 3583 1241 3664 quod

169 3690 234 3751 fleri
255 3674 343 3766 peasa
363 3694 453 3765 negat
473 3686 593 3749 Brixiae
613 3686 646 3748 in
668 3686 860 3748 adnotatione
880 3687 918 3747 ad
934 3688 1014 3748 huno
1035 3687 1149 3750 loeum:
1170 3695 1244 3749 etatt

168 3791 275 3853 molior
294 3792 393 3880 haten
420 3791 469 3851 dia
491 3789 725 3851 Handsohriften
747 3796 863 3865 nestor,
884 3790 980 3852 worin
1001 3810 1068 3851 man
1092 3811 1165 3869 gem
1188 3790 1243 3851 mit

239 3926 266 3995 t)
283 3925 438 3991 Quemquam
454 3926 527 3977 'hane
550 3927 698 3978 mundam
723 3941 776 3978 nen
792 3942 838 3991 pro
856 3940 917 3977 vero
935 3927 1067 3979 venditare
1083 3929 1159 3989 volo,
1185 3943 1241 3979 oum

168 4016 232 4066 ntur
247 4015 324 4064 modo
348 4014 376 4063 in
392 4020 500 4064 mentem
517 4014 615 4064 venant
630 4018 706 4076 atque
722 4029 763 4063 me
781 4029 831 4063 nou
848 4013 929 4075 lugiet
940 4048 960 4077 ‚-
975 4011 1050 4063 etiam
1067 4016 1160 4065 Romae
1177 4016 1244 4077 regis

53 4116 56 4121 ·
168 4101 363 4166 appellationem
387 4105 531 4162 usurpatam
547 4100 642 4160 videri,
669 4115 727 4149 nem
744 4101 815 4170 pueri
840 4105 960 4149 amunta
985 4115 1031 4150 rex
1053 4102 1110 4162 eris,
1136 4103 1243 4151 streete
1354 4087 1357 4093 ¹

169 4186 256 4239 aas
274 4186 412 4237 ansa
431 4186 503 4251 spus
521 4187 543 4236 ι
562 4188 586 4250 ι,
604 4187 646 4239 ιι.
