<?xml version="1.0" encoding="UTF-8"?>
<!DOCTYPE html PUBLIC "-//W3C//DTD XHTML 1.0 Transitional//EN"
    "http://www.w3.org/TR/xhtml1/DTD/xhtml1-transitional.dtd">
<html xmlns="http://www.w3.org/1999/xhtml" xml:lang="en" lang="en">
 <head>
  <title>
</title>
<meta http-equiv="Content-Type" content="text/html;charset=utf-8" />
  <meta name='ocr-system' content='tesseract 3.04.00' />
  <meta name='ocr-capabilities' content='ocr_page ocr_carea ocr_par ocr_line ocrx_word'/>
</head>
<body>
  <div class='ocr_page' id='page_1' title='image "./dehistoriafabul00ostegoog_0044.png"; bbox 0 0 2800 4684; ppageno 0'>
   <div class='ocr_carea' id='block_1_1' title="bbox 160 259 1238 495">
    <p class='ocr_par' dir='ltr' id='par_1_1' title="bbox 160 259 1238 495">
     <span class='ocr_line' id='line_1_1' title="bbox 589 259 803 326; baseline 0.005 -19"><span class='ocrx_word' id='word_1_1' title='bbox 589 295 632 307; x_wconf 83' lang='grc'>-</span> <span class='ocrx_word' id='word_1_2' title='bbox 674 259 715 326; x_wconf 88' lang='lat'><strong>31</strong></span> <span class='ocrx_word' id='word_1_3' title='bbox 759 295 803 308; x_wconf 94' lang='grc'><strong>..</strong></span> 
     </span>
     <span class='ocr_line' id='line_1_2' title="bbox 160 389 1238 495; baseline 0.005 -23"><span class='ocrx_word' id='word_1_4' title='bbox 160 432 221 473; x_wconf 91' lang='lat' dir='ltr'><strong>non</strong></span> <span class='ocrx_word' id='word_1_5' title='bbox 243 389 324 490; x_wconf 72' lang='lat' dir='ltr'><strong>fugit</strong></span> <span class='ocrx_word' id='word_1_6' title='bbox 344 413 505 476; x_wconf 76' lang='lat' dir='ltr'>Herculem</span> <span class='ocrx_word' id='word_1_7' title='bbox 526 415 605 494; x_wconf 87' lang='lat' dir='ltr'><strong>apnd</strong></span> <span class='ocrx_word' id='word_1_8' title='bbox 621 414 750 476; x_wconf 83' lang='lat' dir='ltr'><strong>Graecos</strong></span> <span class='ocrx_word' id='word_1_9' title='bbox 771 419 894 493; x_wconf 82' lang='lat' dir='ltr'><strong>propter</strong></span> <span class='ocrx_word' id='word_1_10' title='bbox 915 414 1108 495; x_wconf 69' lang='grc' dir='ltr'><strong><em>πολυφαγίαν</em></strong></span> <span class='ocrx_word' id='word_1_11' title='bbox 1128 417 1238 478; x_wconf 85' lang='lat' dir='ltr'><strong>cohae-</strong></span> 
     </span>
    </p>
   </div>
   <div class='ocr_carea' id='block_1_2' title="bbox 30 514 1237 599">
    <p class='ocr_par' dir='ltr' id='par_1_2' title="bbox 30 514 1237 599">
     <span class='ocr_line' id='line_1_3' title="bbox 30 514 1237 599; baseline 0.007 -25"><span class='ocrx_word' id='word_1_12' title='bbox 30 514 36 524; x_wconf 79' lang='grc'><em>“</em></span> <span class='ocrx_word' id='word_1_13' title='bbox 159 533 226 576; x_wconf 85' lang='lat' dir='ltr'><strong>rere</strong></span> <span class='ocrx_word' id='word_1_14' title='bbox 247 535 314 577; x_wconf 88' lang='lat' dir='ltr'><strong>cum</strong></span> <span class='ocrx_word' id='word_1_15' title='bbox 337 536 430 578; x_wconf 85' lang='lat' dir='ltr'><strong>coena</strong></span> <span class='ocrx_word' id='word_1_16' title='bbox 451 523 482 578; x_wconf 89' lang='lat' dir='ltr'><strong>ct</strong></span> <span class='ocrx_word' id='word_1_17' title='bbox 502 516 750 592; x_wconf 89' lang='lat' dir='ltr'><strong>commissatione,</strong></span> <span class='ocrx_word' id='word_1_18' title='bbox 772 537 840 578; x_wconf 87' lang='lat' dir='ltr'><strong>nam</strong></span> <span class='ocrx_word' id='word_1_19' title='bbox 862 519 942 598; x_wconf 88' lang='lat' dir='ltr'><strong>apud</strong></span> <span class='ocrx_word' id='word_1_20' title='bbox 964 517 1124 580; x_wconf 79' lang='lat' dir='ltr'>Pindarum</span> <span class='ocrx_word' id='word_1_21' title='bbox 1147 518 1237 599; x_wconf 81' lang='lat' dir='ltr'><strong>(frag.</strong></span> 
     </span>
    </p>
   </div>
   <div class='ocr_carea' id='block_1_3' title="bbox 76 619 1278 913">
    <p class='ocr_par' dir='ltr' id='par_1_3' title="bbox 76 619 1278 913">
     <span class='ocr_line' id='line_1_4' title="bbox 164 619 1236 704; baseline 0.005 -27"><span class='ocrx_word' id='word_1_22' title='bbox 164 622 232 679; x_wconf 82' lang='lat'>150.</span> <span class='ocrx_word' id='word_1_23' title='bbox 263 621 308 680; x_wconf 89' lang='lat' dir='ltr'><strong>ed.</strong></span> <span class='ocrx_word' id='word_1_24' title='bbox 343 619 496 696; x_wconf 82' lang='lat' dir='ltr'><strong>Bccckh.),</strong></span> <span class='ocrx_word' id='word_1_25' title='bbox 532 620 666 699; x_wconf 82' lang='lat' dir='ltr'><strong>Euripid.</strong></span> <span class='ocrx_word' id='word_1_26' title='bbox 696 619 810 683; x_wconf 78' lang='lat' dir='ltr'><strong>Aleost.</strong></span> <span class='ocrx_word' id='word_1_27' title='bbox 847 621 906 681; x_wconf 81' lang='lat'><strong>747</strong></span> <span class='ocrx_word' id='word_1_28' title='bbox 946 641 1023 702; x_wconf 76' lang='lat' dir='ltr'><strong>squ,</strong></span> <span class='ocrx_word' id='word_1_29' title='bbox 1061 622 1122 682; x_wconf 81' lang='lat'><strong>785</strong></span> <span class='ocrx_word' id='word_1_30' title='bbox 1162 641 1236 704; x_wconf 70' lang='grc' dir='ltr'><strong>θρα,</strong></span> 
     </span>
     <span class='ocr_line' id='line_1_5' title="bbox 83 720 1235 803; baseline 0.006 -24"><span class='ocrx_word' id='word_1_31' title='bbox 83 758 85 762; x_wconf 91' lang='grc'><strong>-</strong></span> <span class='ocrx_word' id='word_1_32' title='bbox 160 720 352 799; x_wconf 81' lang='lat' dir='ltr'><strong>Aristophan.</strong></span> <span class='ocrx_word' id='word_1_33' title='bbox 382 720 554 801; x_wconf 76' lang='lat' dir='ltr'><strong>Lysistrat&#39;</strong></span> <span class='ocrx_word' id='word_1_34' title='bbox 570 726 632 782; x_wconf 78' lang='lat'><strong>928</strong></span> <span class='ocrx_word' id='word_1_35' title='bbox 663 721 714 803; x_wconf 81' lang='lat' dir='ltr'><strong>(cf.</strong></span> <span class='ocrx_word' id='word_1_36' title='bbox 746 723 839 785; x_wconf 88' lang='lat' dir='ltr'><strong>schol.</strong></span> <span class='ocrx_word' id='word_1_37' title='bbox 873 725 911 784; x_wconf 88' lang='lat' dir='ltr'><strong>ad</strong></span> <span class='ocrx_word' id='word_1_38' title='bbox 933 725 963 785; x_wconf 91' lang='lat' dir='ltr'><strong>h.</strong></span> <span class='ocrx_word' id='word_1_39' title='bbox 985 724 1018 802; x_wconf 76' lang='lat' dir='ltr'><strong>l)</strong></span> <span class='ocrx_word' id='word_1_40' title='bbox 1049 725 1160 786; x_wconf 70' lang='lat' dir='ltr'><strong>Athen.</strong></span> <span class='ocrx_word' id='word_1_41' title='bbox 1190 723 1235 786; x_wconf 83' lang='lat' dir='ltr'><strong>X.</strong></span> 
     </span>
     <span class='ocr_line' id='line_1_6' title="bbox 76 822 1278 913; baseline 0.004 -30"><span class='ocrx_word' id='word_1_42' title='bbox 76 883 83 891; x_wconf 78' lang='grc'>,</span> <span class='ocrx_word' id='word_1_43' title='bbox 159 822 224 903; x_wconf 80' lang='lat' dir='ltr'><strong>(pg.</strong></span> <span class='ocrx_word' id='word_1_44' title='bbox 247 830 306 886; x_wconf 81' lang='lat'><strong>411</strong></span> <span class='ocrx_word' id='word_1_45' title='bbox 333 824 408 906; x_wconf 89' lang='lat' dir='ltr'><strong>eqs.)</strong></span> <span class='ocrx_word' id='word_1_46' title='bbox 437 827 474 886; x_wconf 87' lang='lat' dir='ltr'><strong>de</strong></span> <span class='ocrx_word' id='word_1_47' title='bbox 501 825 558 886; x_wconf 89' lang='lat' dir='ltr'><strong>hac</strong></span> <span class='ocrx_word' id='word_1_48' title='bbox 584 844 618 887; x_wconf 90' lang='lat' dir='ltr'><strong>re</strong></span> <span class='ocrx_word' id='word_1_49' title='bbox 648 826 758 887; x_wconf 79' lang='lat' dir='ltr'><strong>certior</strong></span> <span class='ocrx_word' id='word_1_50' title='bbox 786 827 851 913; x_wconf 84' lang='lat' dir='ltr'><strong>fiori</strong></span> <span class='ocrx_word' id='word_1_51' title='bbox 873 833 969 906; x_wconf 78' lang='lat' dir='ltr'><strong>potos.</strong></span> <span class='ocrx_word' id='word_1_52' title='bbox 1016 827 1074 889; x_wconf 87' lang='lat' dir='ltr'><strong>Sed</strong></span> <span class='ocrx_word' id='word_1_53' title='bbox 1096 828 1153 888; x_wconf 92' lang='lat' dir='ltr'><strong>hoc</strong></span> <span class='ocrx_word' id='word_1_54' title='bbox 1173 828 1235 888; x_wconf 82' lang='lat' dir='ltr'><strong>for·</strong></span> <span class='ocrx_word' id='word_1_55' title='bbox 1275 842 1278 846; x_wconf 75' lang='grc'>’</span> 
     </span>
    </p>
   </div>
   <div class='ocr_carea' id='block_1_4' title="bbox 17 927 1233 992">
    <p class='ocr_par' dir='ltr' id='par_1_4' title="bbox 17 927 1233 992">
     <span class='ocr_line' id='line_1_7' title="bbox 17 927 1233 992; baseline 0.006 -9"><span class='ocrx_word' id='word_1_56' title='bbox 17 975 21 983; x_wconf 95' lang='grc'><em>.</em></span> <span class='ocrx_word' id='word_1_57' title='bbox 119 932 121 937; x_wconf 79' lang='grc'><strong>“</strong></span> <span class='ocrx_word' id='word_1_58' title='bbox 158 933 237 988; x_wconf 88' lang='lat' dir='ltr'><strong>tasse</strong></span> <span class='ocrx_word' id='word_1_59' title='bbox 259 947 319 987; x_wconf 89' lang='lat' dir='ltr'><strong>non</strong></span> <span class='ocrx_word' id='word_1_60' title='bbox 341 927 467 989; x_wconf 89' lang='lat' dir='ltr'><strong>multum</strong></span> <span class='ocrx_word' id='word_1_61' title='bbox 488 927 570 989; x_wconf 82' lang='lat' dir='ltr'><strong>valet</strong></span> <span class='ocrx_word' id='word_1_62' title='bbox 598 929 635 988; x_wconf 88' lang='lat' dir='ltr'><strong>nd</strong></span> <span class='ocrx_word' id='word_1_63' title='bbox 657 929 848 990; x_wconf 89' lang='lat' dir='ltr'><strong>tribuendum</strong></span> <span class='ocrx_word' id='word_1_64' title='bbox 878 930 958 990; x_wconf 91' lang='lat' dir='ltr'><strong>huno</strong></span> <span class='ocrx_word' id='word_1_65' title='bbox 978 948 1099 991; x_wconf 83' lang='lat' dir='ltr'><strong>versum</strong></span> <span class='ocrx_word' id='word_1_66' title='bbox 1121 930 1233 992; x_wconf 70' lang='grc' dir='ltr'><strong>(λιπαρο</strong></span> 
     </span>
    </p>
   </div>
   <div class='ocr_carea' id='block_1_5' title="bbox 87 1027 1287 3487">
    <p class='ocr_par' dir='ltr' id='par_1_5' title="bbox 87 1027 1287 1928">
     <span class='ocr_line' id='line_1_8' title="bbox 159 1027 1235 1107; baseline 0.002 -18"><span class='ocrx_word' id='word_1_67' title='bbox 159 1034 275 1107; x_wconf 83' lang='lat' dir='ltr'><strong>posteo.</strong></span> <span class='ocrx_word' id='word_1_68' title='bbox 319 1027 405 1094; x_wconf 80' lang='lat' dir='ltr'><strong>Quod</strong></span> <span class='ocrx_word' id='word_1_69' title='bbox 421 1029 494 1088; x_wconf 90' lang='lat' dir='ltr'><strong>mihi</strong></span> <span class='ocrx_word' id='word_1_70' title='bbox 511 1030 719 1106; x_wconf 81' lang='lat' dir='ltr'><strong>gravissimum</strong></span> <span class='ocrx_word' id='word_1_71' title='bbox 742 1051 806 1092; x_wconf 85' lang='lat' dir='ltr'><strong>asse</strong></span> <span class='ocrx_word' id='word_1_72' title='bbox 827 1032 955 1106; x_wconf 80' lang='lat' dir='ltr'><strong>videtur,</strong></span> <span class='ocrx_word' id='word_1_73' title='bbox 978 1031 1083 1093; x_wconf 86' lang='lat' dir='ltr'><strong>Graeci</strong></span> <span class='ocrx_word' id='word_1_74' title='bbox 1105 1032 1235 1093; x_wconf 83' lang='lat' dir='ltr'><strong>artifices</strong></span> 
     </span>
     <span class='ocr_line' id='line_1_9' title="bbox 159 1131 1287 1220; baseline 0.005 -29"><span class='ocrx_word' id='word_1_75' title='bbox 159 1151 219 1192; x_wconf 91' lang='lat' dir='ltr'><strong>ncn</strong></span> <span class='ocrx_word' id='word_1_76' title='bbox 250 1131 341 1191; x_wconf 88' lang='lat' dir='ltr'><strong>semel</strong></span> <span class='ocrx_word' id='word_1_77' title='bbox 375 1131 530 1218; x_wconf 82' lang='lat' dir='ltr'><strong>linxerunt</strong></span> <span class='ocrx_word' id='word_1_78' title='bbox 558 1132 719 1193; x_wconf 74' lang='lat' dir='ltr'><strong>Herculem</strong></span> <span class='ocrx_word' id='word_1_79' title='bbox 754 1134 868 1194; x_wconf 87' lang='lat' dir='ltr'><strong>ebrium</strong></span> <span class='ocrx_word' id='word_1_80' title='bbox 898 1135 947 1212; x_wconf 85' lang='lat' dir='ltr'><strong>(cf.</strong></span> <span class='ocrx_word' id='word_1_81' title='bbox 970 1134 1121 1220; x_wconf 83' lang='lat' dir='ltr'><strong>Wolckcr.</strong></span> <span class='ocrx_word' id='word_1_82' title='bbox 1152 1136 1233 1204; x_wconf 79' lang='lat' dir='ltr'><strong>Mon.</strong></span> <span class='ocrx_word' id='word_1_83' title='bbox 1284 1161 1287 1165; x_wconf 47' lang='lat'><strong>¹</strong></span> 
     </span>
     <span class='ocr_line' id='line_1_10' title="bbox 158 1234 1234 1318; baseline 0.004 -25"><span class='ocrx_word' id='word_1_84' title='bbox 158 1238 219 1294; x_wconf 86' lang='lat' dir='ltr'><strong>ant.</strong></span> <span class='ocrx_word' id='word_1_85' title='bbox 243 1239 271 1307; x_wconf 79' lang='lat'><strong>3,</strong></span> <span class='ocrx_word' id='word_1_86' title='bbox 294 1239 365 1294; x_wconf 75' lang='lat'>415.</span> <span class='ocrx_word' id='word_1_87' title='bbox 389 1234 465 1314; x_wconf 78' lang='lat'>416)</span> <span class='ocrx_word' id='word_1_88' title='bbox 486 1234 590 1296; x_wconf 77' lang='lat' dir='ltr'><strong>eodem</strong></span> <span class='ocrx_word' id='word_1_89' title='bbox 613 1235 754 1311; x_wconf 86' lang='lat' dir='ltr'><strong>consilio,</strong></span> <span class='ocrx_word' id='word_1_90' title='bbox 785 1256 845 1318; x_wconf 86' lang='lat' dir='ltr'><strong>qno</strong></span> <span class='ocrx_word' id='word_1_91' title='bbox 868 1236 1019 1316; x_wconf 84' lang='lat' dir='ltr'><strong>Lysippus</strong></span> <span class='ocrx_word' id='word_1_92' title='bbox 1041 1236 1093 1296; x_wconf 91' lang='lat' dir='ltr'><strong>ille</strong></span> <span class='ocrx_word' id='word_1_93' title='bbox 1115 1256 1234 1315; x_wconf 89' lang='lat' dir='ltr'><strong>compo·</strong></span> 
     </span>
     <span class='ocr_line' id='line_1_11' title="bbox 87 1335 1234 1421; baseline 0.002 -25"><span class='ocrx_word' id='word_1_94' title='bbox 87 1350 95 1362; x_wconf 86' lang='grc'><em>·</em></span> <span class='ocrx_word' id='word_1_95' title='bbox 124 1416 126 1421; x_wconf 70' lang='lat'><em>.</em></span> <span class='ocrx_word' id='word_1_96' title='bbox 157 1336 218 1396; x_wconf 92' lang='lat' dir='ltr'><strong>snit</strong></span> <span class='ocrx_word' id='word_1_97' title='bbox 239 1354 305 1395; x_wconf 91' lang='lat' dir='ltr'><strong>enm</strong></span> <span class='ocrx_word' id='word_1_98' title='bbox 326 1337 504 1409; x_wconf 84' lang='lat' dir='ltr'><strong>Herculem,</strong></span> <span class='ocrx_word' id='word_1_99' title='bbox 537 1338 585 1399; x_wconf 91' lang='lat' dir='ltr'><strong>oui</strong></span> <span class='ocrx_word' id='word_1_100' title='bbox 609 1358 774 1415; x_wconf 76' lang='lat' dir='ltr'>cognomen</span> <span class='ocrx_word' id='word_1_101' title='bbox 797 1339 929 1400; x_wconf 91' lang='lat' dir='ltr'><strong>additum</strong></span> <span class='ocrx_word' id='word_1_102' title='bbox 952 1345 1000 1399; x_wconf 87' lang='lat' dir='ltr'><strong>eet</strong></span> <span class='ocrx_word' id='word_1_103' title='bbox 1021 1335 1234 1419; x_wconf 78' lang='grc' dir='ltr'><strong><em>ἐπιτραπέζιος,</em></strong></span> 
     </span>
     <span class='ocr_line' id='line_1_12' title="bbox 158 1439 1234 1522; baseline 0.004 -25"><span class='ocrx_word' id='word_1_104' title='bbox 158 1445 193 1499; x_wconf 92' lang='lat' dir='ltr'><strong>ut</strong></span> <span class='ocrx_word' id='word_1_105' title='bbox 221 1444 300 1500; x_wconf 77' lang='lat' dir='ltr'><strong>esset</strong></span> <span class='ocrx_word' id='word_1_106' title='bbox 327 1439 360 1499; x_wconf 90' lang='lat' dir='ltr'><strong>in</strong></span> <span class='ocrx_word' id='word_1_107' title='bbox 383 1442 535 1502; x_wconf 78' lang='lat' dir='ltr'><strong>exstructa</strong></span> <span class='ocrx_word' id='word_1_108' title='bbox 565 1440 667 1502; x_wconf 88' lang='lat' dir='ltr'><strong>tabula</strong></span> <span class='ocrx_word' id='word_1_109' title='bbox 695 1442 780 1520; x_wconf 82' lang='lat' dir='ltr'><strong>quasi</strong></span> <span class='ocrx_word' id='word_1_110' title='bbox 810 1442 883 1502; x_wconf 84' lang='lat' dir='ltr'><strong>deus</strong></span> <span class='ocrx_word' id='word_1_111' title='bbox 913 1441 1074 1503; x_wconf 80' lang='lat' dir='ltr'><strong>ebrietatis.</strong></span> <span class='ocrx_word' id='word_1_112' title='bbox 1124 1441 1234 1522; x_wconf 85' lang='lat' dir='ltr'><strong>Itaque</strong></span> 
     </span>
     <span class='ocr_line' id='line_1_13' title="bbox 157 1529 1233 1621; baseline 0.004 -21"><span class='ocrx_word' id='word_1_113' title='bbox 157 1540 215 1600; x_wconf 91' lang='lat' dir='ltr'><strong>hoo</strong></span> <span class='ocrx_word' id='word_1_114' title='bbox 235 1560 326 1602; x_wconf 83' lang='lat' dir='ltr'><strong>versn</strong></span> <span class='ocrx_word' id='word_1_115' title='bbox 347 1543 495 1620; x_wconf 76' lang='lat' dir='ltr'><strong>parasitus</strong></span> <span class='ocrx_word' id='word_1_116' title='bbox 517 1544 594 1604; x_wconf 88' lang='lat' dir='ltr'>nihil</span> <span class='ocrx_word' id='word_1_117' title='bbox 615 1544 696 1603; x_wconf 90' lang='lat' dir='ltr'><strong>aliud</strong></span> <span class='ocrx_word' id='word_1_118' title='bbox 718 1544 792 1604; x_wconf 88' lang='lat' dir='ltr'><strong>dicit</strong></span> <span class='ocrx_word' id='word_1_119' title='bbox 812 1529 871 1604; x_wconf 85' lang='lat' dir='ltr'><strong>nisi</strong></span> <span class='ocrx_word' id='word_1_120' title='bbox 893 1544 967 1606; x_wconf 74' lang='lat' dir='ltr'><strong>hooc</strong></span> <span class='ocrx_word' id='word_1_121' title='bbox 996 1563 1064 1606; x_wconf 86' lang='lat' dir='ltr'><strong>cum</strong></span> <span class='ocrx_word' id='word_1_122' title='bbox 1084 1543 1233 1621; x_wconf 73' lang='lat' dir='ltr'><strong>parasitus</strong></span> 
     </span>
     <span class='ocr_line' id='line_1_14' title="bbox 157 1640 1235 1723; baseline 0.001 -19"><span class='ocrx_word' id='word_1_123' title='bbox 157 1642 212 1704; x_wconf 87' lang='lat' dir='ltr'><strong>sim</strong></span> <span class='ocrx_word' id='word_1_124' title='bbox 233 1649 324 1723; x_wconf 85' lang='lat' dir='ltr'><strong>atquc</strong></span> <span class='ocrx_word' id='word_1_125' title='bbox 347 1663 464 1720; x_wconf 87' lang='lat' dir='ltr'><strong>semper</strong></span> <span class='ocrx_word' id='word_1_126' title='bbox 494 1647 626 1706; x_wconf 86' lang='lat' dir='ltr'><strong>studeam</strong></span> <span class='ocrx_word' id='word_1_127' title='bbox 656 1640 813 1722; x_wconf 77' lang='grc' dir='ltr'><strong><em>τραπέζαις</em></strong></span> <span class='ocrx_word' id='word_1_128' title='bbox 841 1647 1034 1721; x_wconf 74' lang='lat' dir='ltr'><strong>accumbere,¹</strong></span> <span class='ocrx_word' id='word_1_129' title='bbox 1060 1645 1092 1705; x_wconf 91' lang='lat' dir='ltr'><strong>id</strong></span> <span class='ocrx_word' id='word_1_130' title='bbox 1123 1665 1235 1706; x_wconf 89' lang='lat' dir='ltr'><strong>numen</strong></span> 
     </span>
     <span class='ocr_line' id='line_1_15' title="bbox 93 1745 1236 1827; baseline 0.003 -24"><span class='ocrx_word' id='word_1_131' title='bbox 93 1818 94 1822; x_wconf 7' lang='grc' dir='ltr'><strong><em>ρ</em></strong></span> <span class='ocrx_word' id='word_1_132' title='bbox 155 1745 280 1818; x_wconf 83' lang='lat' dir='ltr'><strong>invoco,</strong></span> <span class='ocrx_word' id='word_1_133' title='bbox 311 1746 390 1824; x_wconf 92' lang='lat' dir='ltr'><strong>quod</strong></span> <span class='ocrx_word' id='word_1_134' title='bbox 413 1745 498 1825; x_wconf 87' lang='lat' dir='ltr'><strong>quasi</strong></span> <span class='ocrx_word' id='word_1_135' title='bbox 527 1765 595 1805; x_wconf 88' lang='lat' dir='ltr'><strong>mea</strong></span> <span class='ocrx_word' id='word_1_136' title='bbox 622 1746 727 1806; x_wconf 88' lang='lat' dir='ltr'><strong>nutrix</strong></span> <span class='ocrx_word' id='word_1_137' title='bbox 755 1747 905 1823; x_wconf 76' lang='lat' dir='ltr'><strong>significat</strong></span> <span class='ocrx_word' id='word_1_138' title='bbox 936 1749 1023 1807; x_wconf 88' lang='lat' dir='ltr'><strong>deum</strong></span> <span class='ocrx_word' id='word_1_139' title='bbox 1051 1746 1152 1821; x_wconf 84' lang='lat' dir='ltr'><strong>illum,</strong></span> <span class='ocrx_word' id='word_1_140' title='bbox 1182 1747 1236 1827; x_wconf 90' lang='lat' dir='ltr'><strong>qni</strong></span> 
     </span>
     <span class='ocr_line' id='line_1_16' title="bbox 156 1840 1155 1928; baseline 0.002 -22"><span class='ocrx_word' id='word_1_141' title='bbox 156 1851 257 1907; x_wconf 85' lang='lat' dir='ltr'><strong>tuetur</strong></span> <span class='ocrx_word' id='word_1_142' title='bbox 278 1845 345 1906; x_wconf 87' lang='lat' dir='ltr'><strong>illas</strong></span> <span class='ocrx_word' id='word_1_143' title='bbox 366 1841 511 1927; x_wconf 65' lang='lat' dir='ltr'><strong>spernitur</strong></span> <span class='ocrx_word' id='word_1_144' title='bbox 517 1869 525 1920; x_wconf 87' lang='lat'>;</span> <span class='ocrx_word' id='word_1_145' title='bbox 548 1853 639 1928; x_wconf 88' lang='lat' dir='ltr'><strong>atquo</strong></span> <span class='ocrx_word' id='word_1_146' title='bbox 660 1847 687 1908; x_wconf 91' lang='lat' dir='ltr'><strong>is</strong></span> <span class='ocrx_word' id='word_1_147' title='bbox 710 1862 756 1910; x_wconf 87' lang='lat' dir='ltr'><strong>est</strong></span> <span class='ocrx_word' id='word_1_148' title='bbox 774 1840 922 1927; x_wconf 76' lang='grc' dir='ltr'><strong><em>Ἡρακλῆς</em></strong></span> <span class='ocrx_word' id='word_1_149' title='bbox 942 1844 1155 1927; x_wconf 65' lang='lat' dir='ltr'><strong>lascessitus.</strong></span> 
     </span>
    </p>

    <p class='ocr_par' dir='ltr' id='par_1_6' title="bbox 142 1948 1286 2129">
     <span class='ocr_line' id='line_1_17' title="bbox 142 1948 1286 2028; baseline 0.004 -19"><span class='ocrx_word' id='word_1_150' title='bbox 142 1982 144 1985; x_wconf 33' lang='lat' dir='ltr'>v</span> <span class='ocrx_word' id='word_1_151' title='bbox 241 1948 384 2010; x_wconf 82' lang='lat' dir='ltr'><strong>Versibus</strong></span> <span class='ocrx_word' id='word_1_152' title='bbox 407 1953 577 2009; x_wconf 80' lang='grc'>392-393</span> <span class='ocrx_word' id='word_1_153' title='bbox 602 1948 685 2028; x_wconf 88' lang='lat' dir='ltr'><strong>Lyco</strong></span> <span class='ocrx_word' id='word_1_154' title='bbox 708 1950 776 2012; x_wconf 92' lang='lat' dir='ltr'><strong>leno</strong></span> <span class='ocrx_word' id='word_1_155' title='bbox 800 1951 1006 2013; x_wconf 84' lang='lat' dir='ltr'><strong>(luronlienom</strong></span> <span class='ocrx_word' id='word_1_156' title='bbox 1028 1951 1155 2014; x_wconf 59' lang='lat' dir='ltr'><strong>salunt:</strong></span> <span class='ocrx_word' id='word_1_157' title='bbox 1281 1957 1286 1966; x_wconf 83' lang='lat'>&#39;</span> 
     </span>
     <span class='ocr_line' id='line_1_18' title="bbox 150 2048 986 2129; baseline -0.001 -14"><span class='ocrx_word' id='word_1_158' title='bbox 150 2048 191 2116; x_wconf 69' lang='lat' dir='ltr'><strong>&#39;Is</strong></span> <span class='ocrx_word' id='word_1_159' title='bbox 246 2051 380 2114; x_wconf 89' lang='lat' dir='ltr'><strong>Unocnle</strong></span> <span class='ocrx_word' id='word_1_160' title='bbox 402 2050 500 2114; x_wconf 83' lang='lat' dir='ltr'><strong>salve!</strong></span> <span class='ocrx_word' id='word_1_161' title='bbox 544 2051 575 2114; x_wconf 84' lang='lat' dir='ltr'><strong>(l.</strong></span> <span class='ocrx_word' id='word_1_162' title='bbox 600 2051 718 2117; x_wconf 76' lang='lat' dir='ltr'><strong>Quaeso</strong></span> <span class='ocrx_word' id='word_1_163' title='bbox 741 2054 898 2129; x_wconf 73' lang='lat' dir='ltr'><strong>deridesne</strong></span> <span class='ocrx_word' id='word_1_164' title='bbox 919 2052 986 2116; x_wconf 83' lang='lat' dir='ltr'><strong>mel</strong></span> 
     </span>
    </p>

    <p class='ocr_par' dir='ltr' id='par_1_7' title="bbox 116 2156 1222 2444">
     <span class='ocr_line' id='line_1_19' title="bbox 239 2156 924 2236; baseline 0.003 -19"><span class='ocrx_word' id='word_1_165' title='bbox 239 2156 286 2217; x_wconf 90' lang='lat' dir='ltr'><strong>De</strong></span> <span class='ocrx_word' id='word_1_166' title='bbox 308 2156 454 2218; x_wconf 75' lang='lat' dir='ltr'><strong>Coclitum</strong></span> <span class='ocrx_word' id='word_1_167' title='bbox 476 2157 615 2236; x_wconf 87' lang='lat' dir='ltr'><strong>prosapia</strong></span> <span class='ocrx_word' id='word_1_168' title='bbox 636 2162 666 2218; x_wconf 95' lang='lat' dir='ltr'><strong>te</strong></span> <span class='ocrx_word' id='word_1_169' title='bbox 689 2177 754 2219; x_wconf 89' lang='lat' dir='ltr'><strong>esso</strong></span> <span class='ocrx_word' id='word_1_170' title='bbox 776 2158 924 2219; x_wconf 83' lang='lat' dir='ltr'><strong>arbitror:</strong></span> 
     </span>
     <span class='ocr_line' id='line_1_20' title="bbox 116 2258 1222 2349; baseline 0.005 -31"><span class='ocrx_word' id='word_1_171' title='bbox 116 2322 119 2327; x_wconf 62' lang='grc'>,</span> <span class='ocrx_word' id='word_1_172' title='bbox 241 2260 317 2321; x_wconf 83' lang='lat' dir='ltr'><strong>Nam</strong></span> <span class='ocrx_word' id='word_1_173' title='bbox 340 2258 368 2320; x_wconf 90' lang='lat' dir='ltr'><strong>oi</strong></span> <span class='ocrx_word' id='word_1_174' title='bbox 398 2267 469 2321; x_wconf 93' lang='lat' dir='ltr'><strong>snnt</strong></span> <span class='ocrx_word' id='word_1_175' title='bbox 489 2260 619 2322; x_wconf 87' lang='lat' dir='ltr'><strong>unoculi.</strong></span> <span class='ocrx_word' id='word_1_176' title='bbox 663 2260 695 2323; x_wconf 81' lang='lat' dir='ltr'><strong>O.</strong></span> <span class='ocrx_word' id='word_1_177' title='bbox 719 2261 877 2341; x_wconf 79' lang='lat' dir='ltr'><strong>Catapulta</strong></span> <span class='ocrx_word' id='word_1_178' title='bbox 897 2262 955 2322; x_wconf 90' lang='lat' dir='ltr'><strong>hoe</strong></span> <span class='ocrx_word' id='word_1_179' title='bbox 976 2261 1098 2324; x_wconf 86' lang='lat' dir='ltr'><strong>ictumst</strong></span> <span class='ocrx_word' id='word_1_180' title='bbox 1117 2260 1222 2349; x_wconf 68' lang='lat' dir='ltr'><strong>mihil}</strong></span> 
     </span>
     <span class='ocr_line' id='line_1_21' title="bbox 244 2363 720 2444; baseline 0.004 -23"><span class='ocrx_word' id='word_1_181' title='bbox 244 2412 254 2429; x_wconf 83' lang='lat'><strong>.</strong></span> <span class='ocrx_word' id='word_1_182' title='bbox 322 2365 324 2370; x_wconf 84' lang='lat'>&#39;</span> <span class='ocrx_word' id='word_1_183' title='bbox 446 2364 526 2442; x_wconf 81' lang='lat' dir='ltr'><strong>opud</strong></span> <span class='ocrx_word' id='word_1_184' title='bbox 552 2363 720 2444; x_wconf 78' lang='lat' dir='ltr'><strong>Sicyonem.</strong></span> 
     </span>
    </p>

    <p class='ocr_par' dir='ltr' id='par_1_8' title="bbox 97 2465 1236 3487">
     <span class='ocr_line' id='line_1_22' title="bbox 157 2465 1236 2551; baseline -0.001 -18"><span class='ocrx_word' id='word_1_185' title='bbox 157 2474 266 2533; x_wconf 85' lang='lat' dir='ltr'><strong>Posset</strong></span> <span class='ocrx_word' id='word_1_186' title='bbox 294 2465 405 2549; x_wconf 86' lang='lat' dir='ltr'><strong>aliquis</strong></span> <span class='ocrx_word' id='word_1_187' title='bbox 435 2466 568 2543; x_wconf 77' lang='lat' dir='ltr'><strong>cogitare</strong></span> <span class='ocrx_word' id='word_1_188' title='bbox 575 2514 583 2544; x_wconf 87' lang='lat'><strong><em>,</em></strong></span> <span class='ocrx_word' id='word_1_189' title='bbox 616 2467 781 2544; x_wconf 80' lang='lat' dir='ltr'><strong>significari</strong></span> <span class='ocrx_word' id='word_1_190' title='bbox 803 2467 950 2529; x_wconf 77' lang='lat' dir='ltr'><strong>Coclitum</strong></span> <span class='ocrx_word' id='word_1_191' title='bbox 979 2470 1120 2551; x_wconf 89' lang='lat' dir='ltr'><strong>prosapia</strong></span> <span class='ocrx_word' id='word_1_192' title='bbox 1150 2469 1236 2532; x_wconf 88' lang='lat' dir='ltr'><strong>illam</strong></span> 
     </span>
     <span class='ocr_line' id='line_1_23' title="bbox 158 2564 1230 2653; baseline -0.002 -15"><span class='ocrx_word' id='word_1_193' title='bbox 158 2573 356 2638; x_wconf 86' lang='lat' dir='ltr'><strong>Horatianam</strong></span> <span class='ocrx_word' id='word_1_194' title='bbox 379 2564 519 2651; x_wconf 81' lang='lat' dir='ltr'><strong>stirpem,</strong></span> <span class='ocrx_word' id='word_1_195' title='bbox 554 2571 639 2633; x_wconf 88' lang='lat' dir='ltr'><strong>onius</strong></span> <span class='ocrx_word' id='word_1_196' title='bbox 661 2581 766 2634; x_wconf 86' lang='lat' dir='ltr'><strong>auctor</strong></span> <span class='ocrx_word' id='word_1_197' title='bbox 794 2572 827 2633; x_wconf 91' lang='lat' dir='ltr'><strong>in</strong></span> <span class='ocrx_word' id='word_1_198' title='bbox 856 2579 949 2653; x_wconf 88' lang='lat' dir='ltr'><strong>ponte</strong></span> <span class='ocrx_word' id='word_1_199' title='bbox 970 2573 1103 2635; x_wconf 74' lang='lat' dir='ltr'><strong>sublicio</strong></span> <span class='ocrx_word' id='word_1_200' title='bbox 1125 2575 1230 2636; x_wconf 82' lang='lat' dir='ltr'><strong>defen-</strong></span> 
     </span>
     <span class='ocr_line' id='line_1_24' title="bbox 159 2674 1233 2761; baseline 0 -21"><span class='ocrx_word' id='word_1_201' title='bbox 159 2678 258 2740; x_wconf 88' lang='lat' dir='ltr'><strong>dendo</strong></span> <span class='ocrx_word' id='word_1_202' title='bbox 280 2674 463 2738; x_wconf 87' lang='lat' dir='ltr'><strong>clarissimus</strong></span> <span class='ocrx_word' id='word_1_203' title='bbox 484 2674 620 2736; x_wconf 89' lang='lat' dir='ltr'><strong>redditus</strong></span> <span class='ocrx_word' id='word_1_204' title='bbox 642 2682 696 2738; x_wconf 86' lang='lat' dir='ltr'><strong>est.</strong></span> <span class='ocrx_word' id='word_1_205' title='bbox 741 2676 799 2736; x_wconf 85' lang='lat' dir='ltr'><strong>Sed</strong></span> <span class='ocrx_word' id='word_1_206' title='bbox 822 2676 847 2736; x_wconf 91' lang='lat' dir='ltr'><strong>si</strong></span> <span class='ocrx_word' id='word_1_207' title='bbox 869 2677 928 2737; x_wconf 91' lang='lat' dir='ltr'><strong>hoc</strong></span> <span class='ocrx_word' id='word_1_208' title='bbox 951 2682 1113 2757; x_wconf 87' lang='lat' dir='ltr'><strong>spectasset</strong></span> <span class='ocrx_word' id='word_1_209' title='bbox 1133 2686 1233 2761; x_wconf 89' lang='lat' dir='ltr'><strong>poeta,</strong></span> 
     </span>
     <span class='ocr_line' id='line_1_25' title="bbox 97 2777 1232 2864; baseline -0.001 -19"><span class='ocrx_word' id='word_1_210' title='bbox 97 2854 99 2860; x_wconf 11' lang='lat' dir='ltr'>k</span> <span class='ocrx_word' id='word_1_211' title='bbox 159 2787 240 2845; x_wconf 90' lang='lat' dir='ltr'><strong>certe</strong></span> <span class='ocrx_word' id='word_1_212' title='bbox 262 2801 323 2842; x_wconf 91' lang='lat' dir='ltr'><strong>non</strong></span> <span class='ocrx_word' id='word_1_213' title='bbox 347 2778 487 2841; x_wconf 84' lang='lat' dir='ltr'><strong>dixisset:</strong></span> <span class='ocrx_word' id='word_1_214' title='bbox 520 2777 571 2863; x_wconf 91' lang='lat' dir='ltr'><strong>qni</strong></span> <span class='ocrx_word' id='word_1_215' title='bbox 604 2785 673 2841; x_wconf 92' lang='lat' dir='ltr'><strong>snnt</strong></span> <span class='ocrx_word' id='word_1_216' title='bbox 703 2779 841 2854; x_wconf 88' lang='lat' dir='ltr'><strong>unoculi,</strong></span> <span class='ocrx_word' id='word_1_217' title='bbox 876 2800 944 2840; x_wconf 90' lang='lat' dir='ltr'><strong>nam</strong></span> <span class='ocrx_word' id='word_1_218' title='bbox 972 2779 1027 2841; x_wconf 91' lang='lat' dir='ltr'><strong>illa</strong></span> <span class='ocrx_word' id='word_1_219' title='bbox 1052 2802 1126 2858; x_wconf 78' lang='lat' dir='ltr'><strong>gens</strong></span> <span class='ocrx_word' id='word_1_220' title='bbox 1155 2802 1232 2864; x_wconf 85' lang='lat' dir='ltr'><strong>quae</strong></span> 
     </span>
     <span class='ocr_line' id='line_1_26' title="bbox 149 2882 1234 2969; baseline 0.006 -27"><span class='ocrx_word' id='word_1_221' title='bbox 149 2887 279 2961; x_wconf 74' lang='lat' dir='ltr'><strong>luisset,</strong></span> <span class='ocrx_word' id='word_1_222' title='bbox 309 2883 382 2969; x_wconf 85' lang='lat' dir='ltr'><strong>satis</strong></span> <span class='ocrx_word' id='word_1_223' title='bbox 404 2882 596 2948; x_wconf 76' lang='lat' dir='ltr'><strong>notum&#39;erat</strong></span> <span class='ocrx_word' id='word_1_224' title='bbox 618 2883 761 2948; x_wconf 81' lang='lat' dir='ltr'><strong>Romanis</strong></span> <span class='ocrx_word' id='word_1_225' title='bbox 768 2903 777 2957; x_wconf 73' lang='grc' dir='ltr'><strong><em>ς</em></strong></span> <span class='ocrx_word' id='word_1_226' title='bbox 799 2890 956 2964; x_wconf 81' lang='lat' dir='ltr'><strong>praeterae</strong></span> <span class='ocrx_word' id='word_1_227' title='bbox 977 2884 1079 2947; x_wconf 81' lang='lat' dir='ltr'><strong>Ocules</strong></span> <span class='ocrx_word' id='word_1_228' title='bbox 1101 2906 1162 2948; x_wconf 91' lang='lat' dir='ltr'><strong>ncn</strong></span> <span class='ocrx_word' id='word_1_229' title='bbox 1185 2893 1234 2948; x_wconf 88' lang='lat' dir='ltr'><strong>ost</strong></span> 
     </span>
     <span class='ocr_line' id='line_1_27' title="bbox 138 2970 1230 3066; baseline -0.003 -10"><span class='ocrx_word' id='word_1_230' title='bbox 138 2970 336 3056; x_wconf 51' lang='lat' dir='ltr'><strong>¹vocabulum</strong></span> <span class='ocrx_word' id='word_1_231' title='bbox 359 2987 485 3050; x_wconf 84' lang='lat' dir='ltr'><strong>Latinae</strong></span> <span class='ocrx_word' id='word_1_232' title='bbox 513 2989 647 3066; x_wconf 82' lang='lat' dir='ltr'><strong>originis.</strong></span> <span class='ocrx_word' id='word_1_233' title='bbox 691 2991 772 3066; x_wconf 82' lang='lat' dir='ltr'><strong>Ergo</strong></span> <span class='ocrx_word' id='word_1_234' title='bbox 794 2989 853 3049; x_wconf 90' lang='lat' dir='ltr'><strong>iam</strong></span> <span class='ocrx_word' id='word_1_235' title='bbox 876 2987 1044 3066; x_wconf 78' lang='lat' dir='ltr'><strong>Scaligorns</strong></span> <span class='ocrx_word' id='word_1_236' title='bbox 1066 2990 1140 3052; x_wconf 86' lang='lat' dir='ltr'><strong>dnos</strong></span> <span class='ocrx_word' id='word_1_237' title='bbox 1162 2990 1230 3054; x_wconf 78' lang='lat' dir='ltr'><strong>der-</strong></span> 
     </span>
     <span class='ocr_line' id='line_1_28' title="bbox 160 3078 1233 3176; baseline -0.002 -17"><span class='ocrx_word' id='word_1_238' title='bbox 160 3095 211 3160; x_wconf 78' lang='lat' dir='ltr'><strong>rio</strong></span> <span class='ocrx_word' id='word_1_239' title='bbox 233 3095 270 3155; x_wconf 88' lang='lat' dir='ltr'><strong>ad</strong></span> <span class='ocrx_word' id='word_1_240' title='bbox 285 3098 361 3155; x_wconf 79' lang='lat' dir='ltr'><strong>Aen.</strong></span> <span class='ocrx_word' id='word_1_241' title='bbox 377 3092 464 3156; x_wconf 80' lang='lat' dir='ltr'><strong>VIII.</strong></span> <span class='ocrx_word' id='word_1_242' title='bbox 482 3098 561 3156; x_wconf 21' lang='lat'><strong>640¹:</strong></span> <span class='ocrx_word' id='word_1_243' title='bbox 582 3091 682 3155; x_wconf 87' lang='lat' dir='ltr'><strong>luscos</strong></span> <span class='ocrx_word' id='word_1_244' title='bbox 706 3078 827 3155; x_wconf 87' lang='lat' dir='ltr'><strong>coclites</strong></span> <span class='ocrx_word' id='word_1_245' title='bbox 849 3091 990 3173; x_wconf 83' lang='lat' dir='ltr'><strong>dixerunt</strong></span> <span class='ocrx_word' id='word_1_246' title='bbox 1012 3092 1130 3176; x_wconf 79' lang='lat' dir='ltr'><strong>antiqui</strong></span> <span class='ocrx_word' id='word_1_247' title='bbox 1151 3096 1233 3171; x_wconf 47' lang='lat' dir='ltr'><strong>unde,</strong></span> 
     </span>
     <span class='ocr_line' id='line_1_29' title="bbox 160 3195 1230 3281; baseline -0.002 -19"><span class='ocrx_word' id='word_1_248' title='bbox 160 3207 191 3262; x_wconf 86' lang='lat' dir='ltr'><strong>et</strong></span> <span class='ocrx_word' id='word_1_249' title='bbox 212 3197 358 3280; x_wconf 75' lang='lat' dir='ltr'><strong>Cyclopas</strong></span> <span class='ocrx_word' id='word_1_250' title='bbox 381 3195 503 3258; x_wconf 88' lang='lat' dir='ltr'><strong>coclites</strong></span> <span class='ocrx_word' id='word_1_251' title='bbox 524 3195 651 3273; x_wconf 80' lang='lat' dir='ltr'><strong>legimns</strong></span> <span class='ocrx_word' id='word_1_252' title='bbox 673 3197 787 3272; x_wconf 83' lang='lat' dir='ltr'><strong>dictos,</strong></span> <span class='ocrx_word' id='word_1_253' title='bbox 821 3197 900 3281; x_wconf 86' lang='lat' dir='ltr'><strong>qnod</strong></span> <span class='ocrx_word' id='word_1_254' title='bbox 923 3217 1016 3258; x_wconf 88' lang='lat' dir='ltr'><strong>unum</strong></span> <span class='ocrx_word' id='word_1_255' title='bbox 1037 3197 1156 3260; x_wconf 87' lang='lat' dir='ltr'><strong>oculum</strong></span> <span class='ocrx_word' id='word_1_256' title='bbox 1173 3199 1230 3260; x_wconf 72' lang='lat' dir='ltr'><strong>vlra-</strong></span> 
     </span>
     <span class='ocr_line' id='line_1_30' title="bbox 156 3298 1231 3380; baseline -0.002 -14"><span class='ocrx_word' id='word_1_257' title='bbox 156 3301 257 3366; x_wconf 84' lang='lat' dir='ltr'><strong>buisse</strong></span> <span class='ocrx_word' id='word_1_258' title='bbox 286 3298 443 3365; x_wconf 82' lang='lat' dir='ltr'><strong>ridentur:</strong></span> <span class='ocrx_word' id='word_1_259' title='bbox 473 3305 555 3362; x_wconf 89' lang='lat' dir='ltr'><strong>recte</strong></span> <span class='ocrx_word' id='word_1_260' title='bbox 584 3300 809 3376; x_wconf 83' lang='lat' dir='ltr'><strong>demonstravit,</strong></span> <span class='ocrx_word' id='word_1_261' title='bbox 833 3301 890 3361; x_wconf 86' lang='lat' dir='ltr'><strong>hoc</strong></span> <span class='ocrx_word' id='word_1_262' title='bbox 920 3299 986 3362; x_wconf 92' lang='lat' dir='ltr'><strong>loco</strong></span> <span class='ocrx_word' id='word_1_263' title='bbox 1014 3301 1081 3363; x_wconf 91' lang='lat' dir='ltr'><strong>illos</strong></span> <span class='ocrx_word' id='word_1_264' title='bbox 1104 3301 1231 3380; x_wconf 69' lang='lat' dir='ltr'><strong>Coclites</strong></span> 
     </span>
     <span class='ocr_line' id='line_1_31' title="bbox 126 3397 1230 3487; baseline -0.001 -17"><span class='ocrx_word' id='word_1_265' title='bbox 126 3429 128 3434; x_wconf 38' lang='lat'>⁸</span> <span class='ocrx_word' id='word_1_266' title='bbox 158 3427 225 3470; x_wconf 84' lang='lat' dir='ltr'><strong>osse</strong></span> <span class='ocrx_word' id='word_1_267' title='bbox 249 3397 428 3479; x_wconf 76' lang='grc' dir='ltr'><strong><em>Κύκλωπας,</em></strong></span> <span class='ocrx_word' id='word_1_268' title='bbox 451 3407 518 3466; x_wconf 86' lang='lat' dir='ltr'><strong>c&#39;um</strong></span> <span class='ocrx_word' id='word_1_269' title='bbox 539 3403 586 3466; x_wconf 89' lang='lat' dir='ltr'><strong>illi</strong></span> <span class='ocrx_word' id='word_1_270' title='bbox 607 3405 737 3467; x_wconf 84' lang='lat' dir='ltr'><strong>inissent</strong></span> <span class='ocrx_word' id='word_1_271' title='bbox 757 3404 887 3481; x_wconf 87' lang='lat' dir='ltr'><strong>unoculi,</strong></span> <span class='ocrx_word' id='word_1_272' title='bbox 910 3405 993 3487; x_wconf 90' lang='lat' dir='ltr'><strong>qnod</strong></span> <span class='ocrx_word' id='word_1_273' title='bbox 1013 3412 1095 3469; x_wconf 89' lang='lat' dir='ltr'><strong>recte</strong></span> <span class='ocrx_word' id='word_1_274' title='bbox 1115 3405 1230 3469; x_wconf 83' lang='lat' dir='ltr'><strong>iudica·</strong></span> 
     </span>
    </p>
   </div>
   <div class='ocr_carea' id='block_1_6' title="bbox 72 3507 1229 3584">
    <p class='ocr_par' dir='ltr' id='par_1_9' title="bbox 72 3507 1229 3584">
     <span class='ocr_line' id='line_1_32' title="bbox 72 3507 1229 3584; baseline -0.002 -10"><span class='ocrx_word' id='word_1_275' title='bbox 72 3576 76 3584; x_wconf 75' lang='grc'><strong>,</strong></span> <span class='ocrx_word' id='word_1_276' title='bbox 157 3517 222 3574; x_wconf 89' lang='lat' dir='ltr'><strong>tum</strong></span> <span class='ocrx_word' id='word_1_277' title='bbox 243 3529 308 3571; x_wconf 87' lang='lat' dir='ltr'><strong>esse</strong></span> <span class='ocrx_word' id='word_1_278' title='bbox 336 3526 412 3577; x_wconf 86' lang='lat' dir='ltr'><strong>una¹</strong></span> <span class='ocrx_word' id='word_1_279' title='bbox 428 3526 494 3570; x_wconf 88' lang='lat' dir='ltr'><strong>cnm</strong></span> <span class='ocrx_word' id='word_1_280' title='bbox 516 3507 590 3573; x_wconf 78' lang='lat' dir='ltr'><strong>viris</strong></span> <span class='ocrx_word' id='word_1_281' title='bbox 613 3508 708 3571; x_wconf 89' lang='lat' dir='ltr'><strong>doctis</strong></span> <span class='ocrx_word' id='word_1_282' title='bbox 730 3507 818 3570; x_wconf 77' lang='lat' dir='ltr'><strong>facile</strong></span> <span class='ocrx_word' id='word_1_283' title='bbox 841 3509 983 3571; x_wconf 84' lang='lat' dir='ltr'><strong>concedo.</strong></span> <span class='ocrx_word' id='word_1_284' title='bbox 1034 3510 1109 3572; x_wconf 87' lang='lat' dir='ltr'><strong>Orto</strong></span> <span class='ocrx_word' id='word_1_285' title='bbox 1129 3516 1229 3574; x_wconf 85' lang='lat' dir='ltr'><strong>autem</strong></span> 
     </span>
    </p>
   </div>
   <div class='ocr_carea' id='block_1_7' title="bbox 65 3595 1232 4113">
    <p class='ocr_par' dir='ltr' id='par_1_10' title="bbox 65 3595 1232 4113">
     <span class='ocr_line' id='line_1_33' title="bbox 156 3595 1231 3696; baseline -0.002 -17"><span class='ocrx_word' id='word_1_286' title='bbox 156 3619 202 3679; x_wconf 88' lang='lat' dir='ltr'><strong>est</strong></span> <span class='ocrx_word' id='word_1_287' title='bbox 222 3613 276 3676; x_wconf 91' lang='lat' dir='ltr'><strong>illa</strong></span> <span class='ocrx_word' id='word_1_288' title='bbox 298 3610 479 3692; x_wconf 80' lang='lat' dir='ltr'><strong>computatio</strong></span> <span class='ocrx_word' id='word_1_289' title='bbox 502 3633 541 3676; x_wconf 83' lang='lat' dir='ltr'><strong>ox</strong></span> <span class='ocrx_word' id='word_1_290' title='bbox 561 3612 689 3676; x_wconf 87' lang='lat' dir='ltr'><strong>historia</strong></span> <span class='ocrx_word' id='word_1_291' title='bbox 710 3595 848 3689; x_wconf 86' lang='lat' dir='ltr'><strong>fabulari,</strong></span> <span class='ocrx_word' id='word_1_292' title='bbox 870 3612 903 3675; x_wconf 89' lang='lat' dir='ltr'><strong>in</strong></span> <span class='ocrx_word' id='word_1_293' title='bbox 927 3632 987 3696; x_wconf 88' lang='lat' dir='ltr'><strong>qna</strong></span> <span class='ocrx_word' id='word_1_294' title='bbox 1008 3614 1152 3694; x_wconf 78' lang='lat' dir='ltr'><strong>cyclopes</strong></span> <span class='ocrx_word' id='word_1_295' title='bbox 1174 3635 1231 3677; x_wconf 89' lang='lat' dir='ltr'><strong>un·</strong></span> 
     </span>
     <span class='ocr_line' id='line_1_34' title="bbox 156 3714 1231 3799; baseline -0.001 -17"><span class='ocrx_word' id='word_1_296' title='bbox 156 3718 257 3782; x_wconf 84' lang='lat' dir='ltr'><strong>oculos</strong></span> <span class='ocrx_word' id='word_1_297' title='bbox 279 3717 372 3779; x_wconf 72' lang='lat' dir='ltr'><strong>tuisse</strong></span> <span class='ocrx_word' id='word_1_298' title='bbox 394 3734 433 3778; x_wconf 84' lang='lat' dir='ltr'><strong>ex</strong></span> <span class='ocrx_word' id='word_1_299' title='bbox 455 3714 584 3798; x_wconf 79' lang='lat' dir='ltr'><strong>Odyssia</strong></span> <span class='ocrx_word' id='word_1_300' title='bbox 605 3717 678 3780; x_wconf 87' lang='lat' dir='ltr'><strong>satis</strong></span> <span class='ocrx_word' id='word_1_301' title='bbox 700 3724 826 3780; x_wconf 84' lang='lat' dir='ltr'><strong>constat</strong></span> <span class='ocrx_word' id='word_1_302' title='bbox 870 3720 907 3781; x_wconf 76' lang='lat' dir='ltr'><strong>ot</strong></span> <span class='ocrx_word' id='word_1_303' title='bbox 930 3725 1085 3799; x_wconf 83' lang='lat' dir='ltr'><strong>praeterea</strong></span> <span class='ocrx_word' id='word_1_304' title='bbox 1106 3738 1145 3779; x_wconf 86' lang='lat' dir='ltr'><strong>ex</strong></span> <span class='ocrx_word' id='word_1_305' title='bbox 1159 3719 1231 3781; x_wconf 80' lang='lat' dir='ltr'><strong>(lra-</strong></span> 
     </span>
     <span class='ocr_line' id='line_1_35' title="bbox 65 3815 1229 3903; baseline 0 -18"><span class='ocrx_word' id='word_1_306' title='bbox 65 3896 68 3902; x_wconf 37' lang='grc'>,</span> <span class='ocrx_word' id='word_1_307' title='bbox 153 3822 210 3885; x_wconf 89' lang='lat' dir='ltr'><strong>tini</strong></span> <span class='ocrx_word' id='word_1_308' title='bbox 229 3815 400 3892; x_wconf 69' lang='grc' dir='ltr'><strong>Ὀδυσσέως</strong></span> <span class='ocrx_word' id='word_1_309' title='bbox 418 3820 526 3898; x_wconf 70' lang='lat' dir='ltr'><strong>tregru</strong></span> <span class='ocrx_word' id='word_1_310' title='bbox 547 3823 626 3901; x_wconf 89' lang='lat' dir='ltr'><strong>apud</strong></span> <span class='ocrx_word' id='word_1_311' title='bbox 640 3823 783 3902; x_wconf 86' lang='lat' dir='ltr'><strong>Prynioh.</strong></span> <span class='ocrx_word' id='word_1_312' title='bbox 799 3821 862 3884; x_wconf 75' lang='lat' dir='ltr'><strong>not.</strong></span> <span class='ocrx_word' id='word_1_313' title='bbox 877 3828 931 3897; x_wconf 74' lang='lat' dir='ltr'><strong>att,</strong></span> <span class='ocrx_word' id='word_1_314' title='bbox 946 3843 975 3903; x_wconf 87' lang='lat' dir='ltr'><strong>p.</strong></span> <span class='ocrx_word' id='word_1_315' title='bbox 995 3827 1053 3885; x_wconf 81' lang='grc'><strong>136</strong></span> <span class='ocrx_word' id='word_1_316' title='bbox 1069 3821 1172 3900; x_wconf 84' lang='lat' dir='ltr'><strong>(Mein.</strong></span> <span class='ocrx_word' id='word_1_317' title='bbox 1185 3822 1229 3885; x_wconf 84' lang='lat' dir='ltr'><strong>IL</strong></span> 
     </span>
     <span class='ocr_line' id='line_1_36' title="bbox 154 3915 1232 4007; baseline 0.001 -21"><span class='ocrx_word' id='word_1_318' title='bbox 154 3946 204 4007; x_wconf 67' lang='lat' dir='ltr'><strong>pp.</strong></span> <span class='ocrx_word' id='word_1_319' title='bbox 225 3923 305 4003; x_wconf 87' lang='lat'><strong>100.)</strong></span> <span class='ocrx_word' id='word_1_320' title='bbox 322 3915 558 4002; x_wconf 79' lang='grc' dir='ltr'><strong><em>Μανόφθαλμον</em></strong></span> <span class='ocrx_word' id='word_1_321' title='bbox 573 3919 610 3985; x_wconf 78' lang='lat' dir='ltr'><strong>od</strong></span> <span class='ocrx_word' id='word_1_322' title='bbox 626 3923 742 4004; x_wconf 70' lang='grc' dir='ltr'><em>ῥητέον,</em></span> <span class='ocrx_word' id='word_1_323' title='bbox 758 3918 982 4005; x_wconf 75' lang='grc' dir='ltr'><strong>ἑτερόφθαλμον</strong></span> <span class='ocrx_word' id='word_1_324' title='bbox 997 3920 1029 3986; x_wconf 76' lang='grc' dir='ltr'><strong>δὲ</strong></span> <span class='ocrx_word' id='word_1_325' title='bbox 1051 3925 1232 4006; x_wconf 76' lang='grc' dir='ltr'><strong><em>.·Κρατῖνος</em></strong></span> 
     </span>
     <span class='ocr_line' id='line_1_37' title="bbox 152 4018 1229 4113; baseline 0.001 -22"><span class='ocrx_word' id='word_1_326' title='bbox 152 4022 210 4113; x_wconf 70' lang='grc' dir='ltr'><strong>γὰρ</strong></span> <span class='ocrx_word' id='word_1_327' title='bbox 221 4020 402 4107; x_wconf 67' lang='lat' dir='ltr'><strong>,postpone</strong></span> <span class='ocrx_word' id='word_1_328' title='bbox 423 4018 540 4088; x_wconf 73' lang='grc' dir='ltr'><strong>εἴπετόν</strong></span> <span class='ocrx_word' id='word_1_329' title='bbox 557 4022 718 4092; x_wconf 77' lang='grc' dir='ltr'><strong><em>Κύκλωπα.</em></strong></span> <span class='ocrx_word' id='word_1_330' title='bbox 752 4030 875 4109; x_wconf 83' lang='lat' dir='ltr'><strong>Spectat</strong></span> <span class='ocrx_word' id='word_1_331' title='bbox 887 4050 959 4094; x_wconf 81' lang='lat' dir='ltr'><strong>vero</strong></span> <span class='ocrx_word' id='word_1_332' title='bbox 983 4035 1047 4091; x_wconf 83' lang='lat' dir='ltr'><strong>tcta</strong></span> <span class='ocrx_word' id='word_1_333' title='bbox 1060 4048 1109 4092; x_wconf 82' lang='lat' dir='ltr'><strong>res</strong></span> <span class='ocrx_word' id='word_1_334' title='bbox 1123 4030 1162 4091; x_wconf 78' lang='lat' dir='ltr'><strong>cd</strong></span> <span class='ocrx_word' id='word_1_335' title='bbox 1176 4032 1229 4092; x_wconf 85' lang='lat' dir='ltr'><strong>ob·</strong></span> 
     </span>
    </p>
   </div>
   <div class='ocr_carea' id='block_1_8' title="bbox 0 0 1404 4684">
    <p class='ocr_par' dir='ltr' id='par_1_11' title="bbox 0 0 1404 4684">
     <span class='ocr_line' id='line_1_38' title="bbox 0 0 1404 4684; baseline 0 0"><span class='ocrx_word' id='word_1_336' title='bbox 0 0 1404 4684; x_wconf 95' lang='lat' dir='ltr'><strong> </strong></span> 
     </span>
    </p>
   </div>
  </div>
 </body>
</html>
