2800 4684
610 314 653 328 ..
695 279 740 347 55
782 316 826 328 ..

182 438 394 502 commentario
410 440 551 499 adnotat:
572 437 630 498 hoo
651 442 738 499 extra
752 437 841 498 etiam
863 436 941 496 hano
954 440 1132 513 potestatem
1146 434 1258 496 Iunoni

147 531 151 538 ’
186 542 343 618 tribuitur,
367 561 545 622 quamquam
567 541 648 601 illam
671 542 836 602 Menander
858 539 983 600 Dianam
1005 538 1146 617 appellat
1191 537 1267 603 Qua

183 666 215 707 ra
237 645 303 706 lnoa
326 645 434 706 olarius
455 647 498 719 fit,
521 644 691 705 'Parentium
714 663 769 722 pro
792 644 970 704 Graaoornm
993 641 1090 701 Diana
1110 643 1259 702 Iunonem

179 734 380 810 Romanmum
409 748 554 827 posuisse.
606 745 706 810 Quid?
742 748 823 829 quod
855 745 945 806 etiam
968 744 1093 806 Plautus
1125 750 1257 807 exeunte

71 850 84 921 J
180 851 333 915 comoedia
356 850 510 912 Aulularia
539 849 686 928 virginem
715 851 887 932 loquentem
917 847 1017 912 faoitr·
1035 846 1113 909 Inno
1142 847 1259 908 Lusius

180 963 261 1018 tuam
277 954 382 1017 fidem!
404 955 512 1015 Nonne
527 960 590 1015 tum
612 954 658 1014 fas
674 964 727 1028 est,
744 953 928 1027 aanoludare,
945 972 1011 1014 oum
1025 952 1153 1013 saiamus
1167 950 1258 1012 Pluu-

181 1067 244 1122 tum
268 1058 396 1120 (iraeoos
426 1057 572 1119 imitatum
596 1052 661 1118 esse
688 1077 850 1139 eorumque
873 1056 1039 1118 oomoedios
1060 1053 1257 1128 transtulisse,

180 1172 212 1225 et
234 1163 292 1224 hoo
306 1162 371 1223 looo
388 1162 481 1222 verba
492 1159 595 1220 (iraeai
617 1170 725 1237 poetae
737 1162 823 1221 modo
845 1160 889 1222 ita
903 1167 1018 1220 mnata
1031 1178 1096 1220 esse
1110 1177 1129 1217 a
1142 1157 1260 1230 Plauto,

180 1252 215 1328 ut
252 1285 307 1343 pro
341 1263 518 1324 Graeoornm
548 1261 645 1322 Diana
675 1264 876 1325 Romanorum
913 1263 991 1322 Iuno
1020 1257 1257 1345 suppararetur?

180 1369 296 1432 Deinde
324 1368 355 1428 in
378 1365 547 1428 comoediae
567 1367 691 1429 (lasiuae
714 1377 797 1430 aetus
818 1368 836 1429 1
865 1387 954 1429 seona
976 1364 1132 1437 ddtalino
1153 1383 1274 1451 senex,

181 1474 262 1556 quod
284 1473 321 1532 ab
343 1489 438 1531 uxore
460 1476 564 1546 eaptus
586 1478 639 1547 est,
663 1480 755 1551 optat,
778 1479 813 1533 ut
833 1470 1011 1552 myropolas,
1032 1489 1051 1530 a
1072 1469 1180 1553 quibus
1202 1488 1258 1528 nn·

182 1583 326 1656 guantum
349 1573 481 1651 aooepit,
511 1574 607 1636 bouus
630 1576 795 1637 Mercurius
816 1578 934 1655 perdat;
964 1595 1053 1658 quam
1076 1572 1256 1636 senteutiam
1300 1632 1304 1641 ,

181 1702 221 1743 ex
240 1680 352 1742 Graeco
374 1676 459 1736 fonte
480 1677 625 1753 haustam,
647 1688 773 1758 apparat
795 1699 834 1741 es
857 1679 968 1742 (irasoo
990 1677 1135 1741 voeabula
1157 1695 1257 1756 myro·

99 1823 102 1829 ·
134 1804 136 1811 ’
183 1785 286 1864 polaa;
309 1782 413 1861 itaque
427 1779 471 1840 illi
486 1782 657 1861 myropolae
680 1779 713 1844 lv
728 1778 825 1866 ἀγορᾷ
846 1785 976 1845 fuerunt
990 1789 1080 1864 atque
1102 1783 1174 1841 daus
1194 1779 1257 1854 ille,

182 1887 228 1949 oui
261 1903 368 1947 nomeu
392 1881 463 1943 boni
485 1884 623 1945 Mercurii
646 1886 775 1948 inditum
797 1894 857 1961 est,
888 1887 977 1948 debat
997 1903 1062 1947 assa
1084 1892 1198 1959 eustos,
1222 1890 1257 1945 ut

181 1993 225 2056 ita
246 1988 350 2062 diuam,
372 1984 442 2061 dori,
463 1986 515 2069 qui
539 2007 598 2049 uon
621 1988 717 2051 solum
740 1998 919 2053 mereatores
940 1994 1068 2063 tueatur,
1089 1989 1141 2052 sad
1164 1987 1256 2049 etiam

181 2096 256 2158 alios
277 2089 421 2164 hominos,
444 2110 482 2152 ua
504 2090 535 2153 in
557 2094 622 2155 foro
645 2094 891 2158 amaroatoribus
914 2095 1111 2157 offendantur.
1152 2096 1257 2174 Atque

181 2198 364 2264 Stalinouem
385 2194 441 2256 lrao
470 2196 501 2256 iu
525 2216 613 2260 saona
635 2219 653 2260 a
674 2201 829 2278 myropola
850 2202 988 2262 damnum
1010 2199 1166 2277 aaoepisse,
1188 2196 1257 2259 luoe

182 2303 290 2367 alarius
313 2307 368 2373 est,
391 2317 480 2380 quam
504 2300 542 2360 ob
564 2320 626 2362 ram
648 2304 699 2364 ille
716 2303 894 2365 lieronrium
910 2305 1039 2366 invooat
1082 2301 1166 2368 Quae
1188 2322 1256 2363 anm

180 2411 224 2470 ita
244 2406 313 2479 sint,
336 2403 393 2463 hoo
415 2422 533 2484 quoquo
555 2404 620 2466 loeo
643 2407 767 2468 Plautus
788 2429 842 2486 pro
866 2408 978 2469 Graeoo
1000 2407 1122 2468 numina
1144 2406 1253 2465 Roma·
1285 2416 1288 2420 ’

182 2528 287 2571 norum
311 2506 397 2565 denm
420 2505 535 2581 posuit,
564 2527 631 2567 nam
655 2510 755 2570 omnia
777 2494 970 2591 quaeeunque
993 2511 1029 2571 de
1051 2512 1106 2571 deo
1135 2509 1190 2569 hae
1218 2508 1252 2567 in

181 2629 270 2674 soona
291 2607 370 2668 diota
391 2612 469 2679 sunt,
492 2608 528 2667 ad
551 2610 699 2670 neminem
721 2612 826 2672 referri
848 2619 974 2690 possunt
1002 2611 1060 2673 nisi
1082 2613 1119 2673 ad
1139 2601 1255 2690 Ἑρμῆν

179 2706 332 2795 ἀγοραῖον.
377 2708 435 2769 Sed
456 2709 581 2773 fortasse
611 2713 722 2776 dixerit
752 2716 861 2797 aliquis
890 2716 979 2777 etiam
1001 2719 1152 2778 Romanos
1172 2716 1254 2776 Her·

179 2837 246 2879 man
270 2811 411 2887 uoluiss03
441 2820 520 2873 reate
542 2813 572 2875 id
595 2817 731 2897 quidam,
756 2820 806 2879 sed
829 2820 907 2898 apud
930 2820 1082 2881 Romanos
1104 2824 1150 2880 est
1172 2818 1253 2877 Mer·
1327 2864 1329 2871 .

181 2918 281 2982 aurius
303 2915 385 3009 deus
401 2918 695 2991 mereatomm,'non
718 2922 890 3005 totius‘iori
913 2940 1011 3002 neque
1033 2922 1175 3000 templum
1197 2937 1253 2980 ns·

179 3040 238 3105 qua
261 3036 375 3080 aeorum
398 3015 430 3076 in
451 3016 516 3078 iero
538 3018 643 3096 habet,
672 3024 723 3083 sed
745 3025 782 3082 ad
805 3024 921 3085 (lineum
944 3026 1106 3086 maximum
1129 3031 1161 3086 et
1180 3029 1252 3084 ants

176 3133 291 3205 portam
315 3118 471 3197 Capenam.
495 3121 531 3182 ai.
554 3120 620 3184 Liv.
642 3124 685 3185 IL
710 3131 772 3201 21,
795 3128 882 3190 Ovid.
903 3130 973 3191 fast
998 3128 1035 3191 V.
1055 3130 1126 3190 673.
1169 3103 1251 3203 Ergo

177 3222 319 3290 Merourii
342 3241 450 3283 nomen
473 3242 533 3285 uon
556 3227 681 3305 quadrat
712 3229 743 3290 in
765 3231 844 3293 hano
865 3252 928 3295 rem
949 3240 1041 3315 atqua
1068 3239 1132 3294 tota
1159 3249 1251 3292 soeua

176 3327 305 3413 perspiai
343 3344 404 3386 non
439 3330 540 3403 potest
567 3326 625 3389 uisi
654 3321 749 3415 Ἑρμῇ
786 3324 918 3419 ἀγοραίῳ
948 3334 1046 3415 posito
1064 3344 1140 3414 'pro'
1169 3334 1249 3394 bono

176 3428 334 3497 Mamurio.

262 3530 489 3594 Perosnsnimns
504 3551 605 3595 omues
620 3552 667 3596 res
683 3555 759 3619 quae
782 3546 918 3617 speetaut
939 3542 976 3602 ed
991 3539 1146 3602 historiam
1160 3540 1245 3602 fabu-
1303 3524 1308 3531 ”

175 3643 267 3703 larem
289 3636 321 3696 in
344 3632 454 3694 fabulis
475 3632 637 3719 Plautinis:
659 3637 788 3701 vidimus
809 3642 885 3702 nihil
907 3662 1012 3722 sapere
1034 3641 1161 3705 oolorem
1185 3641 1245 3703 Ro·

176 3759 294 3803 manum
316 3742 434 3817 praeter
454 3735 522 3798 illos
544 3735 638 3814 loaos,
667 3742 717 3802 ubi
742 3743 880 3806 Heroulis
903 3746 1033 3808 deeimas
1062 3751 1162 3824 partas
1192 3765 1245 3806 no·

175 3843 327 3906 minantur
347 3836 452 3917 (Stioh.
476 3842 546 3900 886.
568 3840 686 3904 Ττιιουὶ.
706 3851 780 3927 ι561.
804 3848 931 3909 Mostell.
954 3849 1040 3929 984).
1060 3847 1110 3910 vel
1133 3848 1246 3909 mentio

175 3942 323 4008 Narianae
353 3940 424 4000 dese
453 3938 604 4003 invenitur
631 3944 762 4022 (Trnoul
787 3948 878 4028 515),
911 3950 947 4011 da
979 3970 1039 4032 qua
1067 3950 1125 4010 iam
1155 3970 1246 4028 supra

175 4046 313 4113 diximus.
358 4045 458 4123 etque
479 4042 578 4104 omnia
598 4053 890 4128 paratragodumena,
913 4060 947 4116 ut
967 4052 1011 4115 ita
1032 4053 1144 4127 duam,
1167 4071 1246 4133 quse
