2800 4684
618 245 910 339 ..9-¹

181 428 238 489 diis
260 432 545 508 paratragodumena
567 452 606 492 ex
629 433 741 493 Graeca
761 431 887 494 historia
909 431 1035 493 fabulari
1058 424 1253 492 invenieban-

179 540 236 593 tur.
283 538 324 595 st
337 534 449 595 dixerit
463 536 588 597 fortasse
604 535 761 618 quispiam,
784 536 920 617 quamvis
942 536 993 617 qni
1010 535 1168 608 adfuerint,
1191 553 1252 594 non

178 636 411 713 penetraverint,
434 657 522 719 quam
546 640 657 701 comice
678 640 792 699 alludat
813 646 902 716 poeta
928 640 966 699 ad
995 658 1044 699 res
1072 635 1252 716 mythologi-

114 754 116 759 ·
178 759 244 813 cas,
275 747 374 801 tamen
398 734 525 817 tragicos
548 751 651 820 poetas
673 744 875 803 Romanorum
896 742 963 802 illas
984 739 1100 802 fabulas
1122 746 1251 800 uanstn·

177 841 264 918 iisse,
295 864 334 904 ex
361 843 470 925 quibus
499 846 619 906 haurire
647 854 770 925 possent
792 845 906 907 comici.
949 845 1007 906 Sed
1036 864 1102 904 mea
1130 843 1250 924 quidem

183 947 331 1007 sententia
346 965 419 1006 sana
434 953 533 1009 mente
548 950 656 1011 haecce
670 949 859 1011 ratiocinatio
875 949 1055 1026 postulatur:
1080 966 1146 1007 cum
1162 945 1250 1005 Plau·

180 1056 230 1110 tus
253 1048 470 1110 comoediarum
495 1050 670 1133 Graecarum
693 1051 820 1129 vestigia
841 1057 1049 1132 persequatur,
1073 1048 1181 1130 quibua
1201 1068 1251 1109 oo·

182 1152 258 1211 mico
280 1152 347 1211 usui
369 1153 462 1213 inissa
484 1156 651 1232 tragoedias
681 1177 743 1215 non
764 1157 951 1232 ignoramus,
983 1161 1014 1215 et
1035 1151 1161 1213 Romam
1184 1150 1251 1210 illas

179 1255 348 1332 tragoedias
364 1256 451 1317 etiam
468 1259 657 1334 transferant,
681 1278 720 1320 ex
742 1259 851 1340 quibus
866 1258 968 1319 Graeci
992 1256 1095 1318 comici
1118 1249 1250 1331 sumpse·

134 1399 137 1406 -
178 1367 258 1433 runt,
281 1359 421 1421 Plautina
442 1369 540 1424 autem
564 1365 850 1440 paratragodumena
869 1362 1057 1441 reperiantur
1078 1359 1110 1419 in
1131 1356 1250 1418 Graecia

177 1461 228 1521 vel
250 1464 378 1524 comocis
399 1465 448 1526 vel
470 1467 673 1545 scriptoribus,
696 1467 760 1527 reri
784 1472 830 1527 est
843 1453 1025 1526 simillimum
1041 1463 1177 1523 Plautum
1199 1480 1251 1519 eas
1296 1492 1301 1505 ·

176 1585 224 1627 res
246 1586 323 1649 quae
345 1575 432 1631 erant
452 1570 483 1631 in
507 1555 627 1633 Graecis
649 1570 824 1646 comoediis,
855 1589 915 1629 non
946 1589 986 1631 ex
1007 1565 1167 1646 tragoediis
1189 1564 1250 1625 Ro·

123 1746 126 1751 .
176 1671 272 1732 menia
293 1672 359 1750 ipsa
387 1675 595 1736 observatione
626 1675 803 1753 sumpsisse,
834 1694 938 1737 rerum
967 1693 1006 1734 ex
1033 1671 1107 1750 ipsis
1129 1669 1250 1730 Graecis

176 1774 286 1836 fabulis
308 1776 441 1838 hausisse
464 1798 541 1861 quae
572 1780 597 1839 ei
626 1787 745 1857 praesto
769 1785 862 1840 crant.
913 1777 999 1843 Quod
1029 1771 1154 1852 singulis
1176 1770 1250 1832 locis

121 1917 123 1923 π
174 1879 219 1939 ita
233 1880 351 1957 probari
367 1889 474 1959 potest,
496 1889 532 1944 ut
545 1882 731 1964 inquiramus
746 1889 845 1943 utrum
861 1881 1146 1960 paratragodnmena
1159 1876 1250 1935 Plan·

175 1981 240 2043 tina
261 1982 292 2044 in
315 1983 493 2046 comicorum
517 1986 626 2047 tabulis
644 1985 822 2047 Graecorum
838 1985 1038 2058 invenientur,
1062 1999 1138 2064 quae
1160 1998 1248 2040 nemo

174 2086 343 2164 perspicere
365 2090 464 2166 potuit
485 2090 542 2151 nisi
565 2091 654 2151 homo
671 2089 809 2163 Graecus,
832 2109 935 2150 neone.
980 2087 1048 2153 Qua
1068 2085 1100 2145 in
1122 2103 1155 2144 re
1177 2100 1249 2141 exa·

174 2188 315 2251 minanda
335 2190 425 2255 liceat
446 2194 578 2271 singulas
599 2192 717 2254 fabulas
745 2174 917 2271 percurrero
947 2189 1103 2270 perpaucis
1132 2206 1249 2248 earnm·

174 2310 233 2372 que
267 2297 553 2371 paratrcgodnmena
586 2297 771 2356 adumbrare.
828 2295 953 2356 Initium
984 2294 1126 2354 indamus
1156 2289 1248 2350 velim
1316 2316 1319 2323 ·

175 2395 212 2454 ab
235 2396 495 2460 Menaechmorum
518 2399 634 2474 fabula,
665 2400 791 2480 adquam
813 2397 936 2476 respicit
955 2394 1154 2473 Kiesslingius
1174 2393 1195 2455 l.
1216 2392 1248 2466 L,

174 2519 193 2560 a
214 2521 273 2581 quo
296 2502 332 2561 ad
355 2502 432 2563 hano
452 2522 514 2562 rem
530 2501 736 2581 explicandam
759 2509 902 2569 ornatum,
918 2520 983 2562 esse
1005 2520 1052 2560 me
1066 2499 1160 2560 libere
1176 2516 1247 2558 con·

174 2603 269 2665 fiteor.

260 2811 296 2872 In
321 2812 723 2875 Menaechmorumsrs.
753 2814 933 2874 irc-71⁸
963 2810 1070 2871 mulier
1097 2781 1246 2869 convicia·
1283 2868 1286 2872 Δ

3 2960 5 2973 .
109 2974 127 3006 Ι,
173 2913 274 2975 banda
295 2925 483 2995 comparetur
504 2936 569 2977 oum
593 2917 745 2979 Hecubae.
824 2943 827 2947 ’

260 3093 267 3106 .
300 3019 368 3079 Non
391 3025 424 3079 tu
447 3019 513 3093 sois,
536 3000 650 3095 mulier,
673 3021 827 3080 Hecubam
851 3024 1055 3100 quapropter
1077 3034 1189 3088 canem,

301 3119 381 3181 Graii
404 3141 470 3182 esse
492 3121 721 3200 praedicabant?
744 3141 804 3182 non
827 3122 964 3201 equidem
987 3121 1059 3181 snio.

302 3221 382 3288 Quia
402 3223 480 3285 idern
503 3224 632 3287 faciebat
654 3225 787 3299 Hecuba,
812 3226 891 3305 quod
914 3231 947 3286 tn
969 3243 1049 3284 nuno
1070 3222 1152 3283 sacis.
1182 3208 1184 3210 ¹
1253 3278 1256 3285 .

301 3327 409 3388 Omnis
430 3327 507 3388 mala
527 3328 695 3405 ingerebat,
720 3347 897 3410 quemquem
914 3326 1093 3405 aspexerat:

271 3492 273 3498 ,
298 3415 407 3513 Itaque
429 3432 502 3492 adeo
524 3432 590 3492 iure
611 3438 747 3510 coeptast
768 3431 911 3510 appellari
934 3430 1024 3492 canis

171 3535 220 3594 Ad
243 3555 331 3616 quarn
353 3554 416 3596 rem
439 3543 555 3613 spectat
575 3536 735 3614 Euripides
757 3535 899 3596 Hecubae
921 3555 965 3597 rs
993 3538 1089 3594 12652
1136 3556 1161 3609 j

377 3630 470 3698 Krios
491 3633 613 3722 γενήσῃ,
637 3631 724 3718 adpo'
747 3635 852 3714 ἔχουσα
874 3633 1031 3716 diorum.

170 3747 326 3817 praeterea
347 3742 385 3803 of.
408 3742 511 3822 lturip.
533 3742 608 3820 frag.
630 3741 737 3804 incert.
761 3745 822 3801 959
845 3740 986 3821 (Nauck.)

372 3834 497 3923 Ἑκάτης
519 3837 635 3924 ἄγαλμα
657 3840 825 3922 paccione
847 3836 929 3904 κύων
950 3840 1018 3904 ἔσει.
1144 3832 1147 3839 ’

169 3949 232 4005 turn
255 3947 292 4007 oi.
315 3930 469 4027 Aristoph.
491 3951 565 4028 frag.
590 3954 661 4011 535.
684 3969 732 4026 ap.
756 3949 838 4009 Euat
862 3947 917 4008 Od
948 3967 979 4025 p.
1003 3946 1164 4021 tibist?
1202 3964 1241 4007 ex
1289 3983 1292 3989 ·

162 4049 312 4128 ¹Euripide
334 4069 525 4130 expressum:
587 4038 601 4078 ¹.
