2800 4684
607 288 650 302 ..
693 255 733 320 21
779 289 821 301 ..

376 412 407 472 Si
430 432 477 474 me
498 412 592 475 iratus
613 411 756 490 tetigerit,
778 412 871 475 iratus
891 414 1054 494 vapulabit

178 517 263 578 Haeo
292 516 356 579 eive
377 517 415 576 ad
443 510 564 577 Aiacem
586 515 650 612 eive
680 517 716 576 ad
738 516 887 578 Achillem
908 537 963 596 per
992 518 1115 580 Pelenm
1136 525 1253 597 patrem
1314 555 1316 561 ,
1354 486 1382 571 'Al

180 626 302 698 egente
317 619 407 682 Aeaci
423 629 529 695 ortum,
552 607 628 702 quoe
644 620 822 681 Aeacidinos
836 625 960 699 nepotes
981 641 1046 683 esse
1061 622 1134 684 eatis
1148 628 1254 684 notmn

179 729 241 801 est,
272 729 405 803 spectare
437 728 572 803 possunt
614 728 716 806 Atque
744 724 800 784 hac
822 724 1042 803 comparatione
1072 725 1150 787 nihil
1171 725 1255 787 aliud

178 827 251 890 dicit
265 834 354 908 poeta
374 827 432 889 nisi
447 829 570 890 haecce:
592 827 708 891 etiamsi
729 827 781 889 ille
803 832 850 890 est
871 828 949 889 siout
963 808 1094 892 delriiles
1117 834 1148 893 et
1167 830 1254 906 Aias,

154 931 358 995 'fortissimus
380 933 477 1004 heroe,
499 936 599 994 menan
621 932 784 1012 vapulabit,
807 933 831 994 ei
855 951 902 994 me
923 952 1079 1012 aggressus
1100 933 1167 997 erit.

263 1157 300 1218 1n
323 1155 555 1219 Bacchidem
577 1155 676 1218 fabula
698 1157 794 1236 primo
819 1158 1005 1220 tractandum
1018 1157 1139 1222 videtur
1159 1160 1257 1249 canti·

179 1281 255 1335 cum,
278 1281 337 1342 quo
353 1260 512 1341 Chrysalus
534 1281 638 1322 servus
659 1260 872 1338 gloriabundus
893 1260 1004 1323 Iliacae
1025 1261 1144 1334 fabulae
1165 1283 1257 1342 argu·

77 1394 83 1409 ι
180 1370 279 1427 menta
293 1365 330 1426 ad
345 1385 413 1426 suas
435 1365 566 1427 fallacias
582 1364 791 1427 describendas
806 1365 972 1448 detorquet.
1006 1367 1074 1429 Hoc
1088 1365 1122 1428 in
1136 1366 1255 1430 cantico

137 1476 139 1481 '
179 1473 238 1551 (ve.
270 1469 451 1550 eae-978)
482 1469 703 1533 retractationis
731 1470 834 1539 insunt
861 1470 1003 1550 vestigia,
1036 1490 1113 1554 quae
1141 1472 1259 1551 primus

177 1572 292 1635 detexit
313 1572 512 1652 Kiesslingius
534 1573 669 1636 Analeet
691 1573 789 1636 Plaut
810 1574 847 1650 1
881 1574 929 1635 oui
951 1574 1176 1638 Brachmanuue
1204 1577 1265 1637 ‘do

178 1677 358 1740 Booehidum
387 1677 543 1739 Plautinae
572 1678 782 1741 retractatione
813 1676 938 1741 sconica’
968 1680 1259 1763 pg.1000qe.de

179 1800 293 1844 summa
319 1781 363 1843 rei
384 1782 592 1866 adsentiens
584 1803 616 1843 ιιι
639 1783 764 1862 singulis
785 1785 896 1847 trustra
917 1784 1072 1847 oblocutus
1094 1790 1150 1847 est
1194 1785 1257 1847 Sed

178 1888 237 1949 hoo
257 1885 388 1947 alienum
410 1891 457 1950 eet
469 1885 497 1968 ¹)
518 1888 556 1949 ab
578 1907 622 1964 aa,
646 1907 734 1970 quam
756 1887 803 1950 ins
805 1884 890 1966 tituo,
914 1887 1131 1973 disquisitione.
1168 1887 1256 1952 Vati·

144 2004 146 2007 ’
168 1991 296 2055 ,οἱιιιιῐιιι
317 1991 486 2073 Chrysalus,
509 2012 610 2054 senem
632 2012 703 2054 mox
724 1993 881 2073 deceptum
902 1993 954 2070 iri,
984 1993 1063 2056 siout
1082 1975 1179 2056 tribue
1200 2013 1257 2054 ex·

178 2096 269 2176 pletis
297 2095 369 2159 fatis
399 2096 489 2158 Ilium
512 2099 675 2178 captarit:
709 2104 799 2182 atque
820 2099 851 2160 id
871 2098 1046 2162 vaticinium
1070 2103 1257 2181 quantopere

176 2199 346 2279 tragoediae
386 2201 511 2265 alieuius
549 2204 700 2282 perediam
740 2198 882 2283 spiraret,
920 2202 1070 2265 neminem
1105 2204 1254 2282 iuterpre-

176 2311 239 2366 tum
269 2305 374 2383 iugere
402 2306 509 2385 potuit.
546 2307 740 2369 crediderant
764 2307 942 2369 Welokerus
974 2304 1023 2385 (de
1052 2313 1127 2385 trag.
1153 2325 1252 2384 graec.

176 2429 205 2487 p.
232 2407 306 2487 523)
329 2416 360 2472 et
379 2409 556 2488 Ladewigus
577 2409 657 2491 (pag.
682 2416 762 2471 1848
786 2433 835 2490 pg.
869 2411 929 2491 11),
959 2430 1034 2492 quos
1056 2416 1174 2472 secutus
1204 2415 1253 2472 est
1317 2450 1319 2452 v

110 2518 113 2525 ’
178 2511 362 2576 Ribbeckius
392 2514 441 2586 (de
469 2519 544 2592 trag.
573 2515 661 2577 Rom.
684 2536 733 2593 pg.
766 2514 830 2596 48),
859 2515 961 2577 ludere
990 2513 1129 2577 Plautum
1158 2512 1251 2574 Ennii

247 2699 272 2766 1)
289 2708 350 2753 noto
366 2716 407 2765 pg.
429 2705 477 2752 112
496 2703 684 2753 Brachmannus
701 2703 802 2769 Ulixem
825 2703 852 2752 in
874 2662 951 2777 'raptu
967 2702 1076 2752 Palladii
1100 2700 1133 2750 ab
1151 2702 1251 2757 Helena

177 2788 290 2851 agnitum
302 2804 356 2839 esee
375 2793 450 2851 negat
468 2794 494 2839 et
504 2789 685 2851 Kieesiingium
703 2790 747 2850 qui
763 2789 829 2838 hanc
846 2789 967 2839 ‘fabulam
985 2788 1078 2839 notam·
1096 2780 1151 2838 esec
1166 2788 1251 2837 brevi·

80 2930 84 2940 ,
107 2929 109 2933 ,
177 2877 532 2939 tersignificevis‚v01ucst;
559 2890 610 2937 quc
635 2875 689 2926 iure
707 2878 734 2925 id
751 2873 843 2925 iecerit
855 2875 1033 2937 Kieesliugius,
1051 2875 1147 2925 discere
1165 2879 1250 2937 potest

103 2958 105 2961 ’
178 2968 204 3012 et
221 2963 315 3024 debuit,
333 2964 354 3013 ei
373 2964 434 3012 artie
451 2970 625 3026 monumenta,
650 2979 714 3026 quae
731 2959 774 3012 vel
799 2977 865 3011 nunc
890 2962 1045 3025 grammatici
1062 2975 1249 3023 nonnumquam

176 3050 283 3113 turpiter
307 3051 440 3112 ignorant,
468 3050 591 3112 respicere
617 3050 688 3099 velit
723 3051 787 3098 Nam
805 3048 866 3098 Otto
883 3049 973 3101 Iahnii.
990 3048 1126 3111 disputatio
1143 3047 1246 3113 (Philoi.

176 3136 197 3183 1.
216 3138 249 3185 48
267 3134 316 3200 sq.)
332 3137 374 3186 vel
391 3135 515 3184 tironibus
532 3140 607 3184 notas
632 3150 731 3196 semper
749 3136 800 3183 iero
817 3135 844 3182 in
862 3135 1021 3183 vasculorum
1038 3133 1158 3196 picturis,
1183 3146 1247 3195 quse

177 3222 286 3271 Palladii
303 3227 400 3284 raptum
419 3220 533 3280 reddant.
551 3222 622 3270 adest
639 3220 822 3282 HelenaUlixi
840 3225 865 3270 ot
881 3220 1007 3281 Diomedi,
1025 3221 1091 3270 unde
1108 3218 1248 3269 necessarie

176 3308 305 3369 colligitur
321 3306 480 3357 Laertiadcm
496 3308 529 3356 ab
554 3321 583 3357 ea
601 3322 655 3357 cese
680 3308 802 3369 agnitum.
835 3307 923 3368 ideque
939 3306 1023 3355 minus
1039 3320 1114 3368 saepe
1130 3305 1157 3354 in
1173 3305 1247 3353 Pom·

175 3394 272 3456 peisnis
294 3393 388 3442 tabuiis
404 3392 534 3455 parietinis
546 3394 649 3442 *Helene
673 3394 787 3455 adparet.
805 3393 837 3442 oi.
855 3392 957 3453 Heibig.
983 3392 1036 3441 tab.
1051 3392 1150 3454 Pomp,
1168 3390 1247 3441 Ovor-

174 3479 259 3529 beeieii
271 3493 380 3528 monum.
399 3479 492 3528 heroic.
503 3478 598 3527 XXIV.
618 3482 656 3528 19.
692 3480 772 3527 Aliud
788 3479 864 3526 etiam
881 3484 969 3527 eontra
980 3478 1162 3539 Kiessiingium
1173 3491 1248 3539 ergu-

174 3571 285 3616 mentum
301 3566 469 3615 Brachmanai
493 3566 529 3628 (p.
549 3562 609 3631 112)
626 3567 718 3614 imaum
742 3570 804 3624 est,
830 3564 959 3613 nemeina
977 3564 1030 3614 ulio
1048 3562 1128 3623 dubio
1149 3564 1248 3613 detecto

174 3653 220 3702 illo
245 3651 328 3714 priore
353 3651 484 3700 mendacio
508 3655 534 3700 et
558 3651 623 3700 dolis
641 3642 778 3712 Chrysalus
801 3649 944 3710 epericulo
970 3661 998 3698 se
1015 3648 1105 3699 extulit
1120 3634 1146 3697 et
1161 3663 1248 3698 senem

76 3798 78 3803 Ι
175 3738 281 3801 decepit.
300 3737 436 3815 Chrysalus
454 3735 521 3787 enim
537 3737 559 3787 is
577 3743 637 3796 eret,
655 3737 698 3799 qai
716 3737 824 3785 iusserat
834 3735 1016 3785 Mnesilochum
1032 3736 1102 3807 illem
1113 3735 1248 3798 epistolem

174 3839 323 3888 componere
347 3829 373 3874 et
389 3838 405 3872 a
423 3824 646 3886 petrapertusa,
671 3829 700 3873 ut
718 3829 743 3873 et
767 3837 854 3872 sersus
869 3820 1007 3871 vinciretur
1024 3826 1050 3873 et
1071 3828 1160 3884 postes
1175 3822 1249 3871 uuila

173 3924 256 3972 paens
280 3911 381 3959 decreta
404 3909 578 3959 dimitteretur.
612 3910 700 3969 ltaque
728 3907 865 3968 Chrysalus
890 3906 983 3968 quippe
1007 3906 1051 3967 qui
1074 3905 1136 3955 iesse
1160 3907 1249 3975 omnia

67 4016 70 4021 ¹
174 3994 353 4054 moroaviuct
370 4009 398 4044 se
415 3995 505 4044 extulit
522 3994 587 4044 dolls
603 3983 716 4066 periculo
734 4000 760 4043 et
771 3991 870 4055 decepit
885 4005 978 4052 senem,
996 4004 1061 4053 cum,
1078 3994 1107 4040 nt
1123 3989 1146 4040 is
1162 3990 1250 4041 omnis

174 4095 220 4147 pro
236 4093 298 4132 vero
310 4086 412 4143 emeret,
428 4081 568 4143 perliceret
