2800 4684
578 269 795 335 ..13-

151 423 183 489 iv
210 417 337 510 Ἐφεσίῳ
371 420 601 503 Μίνιινδροςῑ).
625 402 627 408 ¹
652 414 833 487 Sedunum
862 425 895 484 in
926 424 1024 484 modio
1055 422 1226 503 relinquere

151 550 248 607 cogor,
271 549 339 590 nam
362 548 427 591 cum
451 529 601 589 mentione
623 531 735 590 securis
757 527 911 604 ancipitis,
933 525 1130 586 Tenediorum
1153 524 1226 585 civi·

151 634 223 697 tatis
245 633 322 711 signi
337 632 389 693 ille
409 631 493 691 locus
506 631 635 708 perspici
650 631 753 708 possit,
777 649 812 689 aa
833 649 910 711 quae
931 635 1097 710 sequuntur
1117 628 1226 690 verbex

195 735 291 800 Multa
312 733 384 795 mihi
407 731 549 810 imperes,
574 732 691 811 Apollo.
719 752 799 792 nunc
821 752 915 813 equos
936 731 1055 793 iunctos
1076 733 1161 792 iubes

193 839 305 917 (lapara
319 854 367 896 me
380 833 549 909 indomitos,
570 836 687 911 ferocis,
710 843 799 915 atque
814 836 847 895 in
869 853 986 894 currum
1001 834 1182 908 inscendere,

193 942 234 1004 Ut
248 961 303 1018 ego
318 940 398 1000 huno
411 944 561 1016 proteram
576 939 702 1012 leonem,
719 938 862 1011 vetulum,
885 936 1024 1011 olentem,
1044 937 1224 999 edentulum.

150 1044 232 1106 illam
261 1041 392 1102 fabulam
419 1041 566 1118 respicere
579 1040 706 1120 ⁸Tenuis
734 1050 860 1119 poesuut
887 1047 1010 1117 propter
1039 1041 1222 1101 nominatum

149 1144 335 1226 Apollinem,
368 1146 447 1224 quod
478 1152 513 1205 ιιι
534 1146 701 1206 evincerem
731 1163 770 1204 ex
790 1142 856 1221 ipsa
884 1142 1003 1217 fabula,
1031 1142 1143 1204 frustra
1165 1144 1223 1222 ad·
1272 1145 1288 1216 f

150 1252 208 1311 huc
242 1266 361 1326 operam
396 1247 514 1309 navavi.
564 1248 602 1308 Ni
632 1247 736 1320 fallor,
767 1249 840 1306 haec
870 1251 1003 1323 spectare
1033 1251 1159 1323 possunt
1187 1246 1223 1304 ad

149 1352 238 1413 aliam
259 1350 405 1425 fabulam,
436 1370 523 1434 quam
553 1371 608 1413 uos
630 1350 798 1431 perspicere
828 1368 890 1409 non
911 1367 1084 1427 possumus,
1118 1368 1225 1409 cuma

153 1455 364 1517 Meneaechmo
385 1460 420 1515 ut
440 1454 505 1515 viro
527 1455 632 1516 insano
659 1474 720 1515 non
743 1454 871 1515 dilucide
893 1458 1070 1531 exponatur.

235 1559 273 1619 In
294 1575 383 1619 versu
405 1562 466 1618 900
491 1559 701 1633 Menaechmus
725 1557 931 1638 conqueritur:

192 1662 275 1729 Quae
298 1681 345 1721 me
367 1662 439 1721 olam
462 1667 629 1724 natussum
653 1660 759 1735 facere,
782 1660 938 1721 eaomnia
959 1659 1008 1723 hio
1030 1659 1102 1722 iacit
1125 1661 1222 1741 palam

193 1766 354 1839 Parasitus,
377 1762 429 1845 qui
451 1783 499 1824 ms
521 1764 681 1846 complevit
701 1763 798 1842 flagiti
821 1770 852 1827 et
871 1763 1047 1839 formidinis,

192 1872 278 1933 Meus
299 1867 404 1931 Ulixes
425 1887 478 1930 suo
501 1868 552 1949 qui
574 1867 636 1946 regi
660 1874 777 1931 tantmn
799 1866 930 1930 concivit
950 1866 1069 1930 malum.

150 1975 217 2044 Quo
231 1972 315 2035 locor
338 1972 424 2034 Meus
438 1971 557 2035 Ulixes:
578 1972 670 2034 habet
691 1973 815 2033 eandem
837 1971 899 2035 vim
920 1977 1010 2054 atque
1032 1970 1063 2032 in
1087 1973 1224 2035 Pseudol.

149 2101 192 2142 vs.
218 2082 318 2140 1063:
349 2074 435 2137 Visso
467 2075 538 2156 quid
560 2095 658 2137 rerum
679 2068 772 2136 vmeus
802 2074 906 2136 Ulixes
933 2066 1054 2153 egerit'
1086 2077 1161 2137 Nam
1191 2076 1225 2138 in

148 2182 196 2244 bis
218 2177 381 2243 enuntiatis
402 2195 456 2257 per
478 2177 677 2259 metonymice
707 2177 830 2257 figuram
862 2177 961 2240 Ulixis
993 2177 1105 2241 mentio
1127 2176 1226 2258 posita
1291 2261 1297 2267 β

149 2294 195 2349 est
216 2304 270 2365 pro
286 2283 366 2345 socio
388 2282 438 2344 vel
452 2283 588 2345 adiutore
604 2303 678 2359 meo,
701 2285 780 2364 quod
797 2302 836 2343 ex
857 2278 995 2346 connexu
1009 2284 1223 2346 sententiarum

151 2394 285 2468 apparet
327 2388 386 2461 §ed
409 2407 501 2447 uuum
522 2388 664 2462 addimus,
687 2387 744 2448 hoc
766 2387 831 2447 loco
846 2387 1023 2449 vocabulum
1045 2387 1133 2465 regis,
1156 2407 1223 2448 cum

150 2491 233 2552 Ulixi
263 2511 323 2550 nou
362 2496 530 2567 opponatur
564 2510 620 2549 rex
649 2494 871 2566 Agamemnon,
908 2483 994 2550 modo
1033 2491 1222 2550 referendum

78 2628 81 2634 ·
150 2613 214 2653 asse
240 2594 276 2651 ad
300 2594 460 2668 parasitum
491 2596 522 2651 et
544 2591 785 2665 Menaechmum,
807 2611 867 2671 quo
890 2592 925 2651 fit
945 2597 980 2652 ut
1000 2591 1040 2653 sit
1060 2610 1222 2669 rexlpara·

146 2692 263 2770 phrasis
300 2690 438 2752 vocabuli
475 2690 604 2767 patroni.
656 2694 756 2769 Atque
786 2691 855 2750 tulis
892 2691 1071 2766 significatio
1102 2709 1222 2768 prorsus
1299 2728 1302 2733 -

147 2794 288 2853 abhorret
309 2794 346 2851 ab
368 2811 425 2850 usu
439 2792 649 2864 Romanorum,
672 2793 725 2870 qui
747 2810 836 2871 quam
851 2792 1044 2852 vehementer
1058 2791 1223 2854 vitaverint

108 2971 112 2978 Ι
148 2912 253 2956 vocem
274 2893 354 2970 regis
384 2893 478 2970 magis
507 2899 611 2953 notum
633 2900 679 2953 est
702 2912 790 2972 quam
812 2901 847 2954 ut
877 2892 990 2953 sintin
1013 2893 1044 2953 id
1066 2894 1153 2971 pluro
1173 2913 1222 2952 su·
1258 2898 1262 2903 “

148 2998 263 3057 menda
305 2995 342 3055 In
366 2993 489 3055 Graecia
509 3014 590 3068 vero,
612 2995 664 3054 ubi
679 3000 776 3056 aetate
791 3014 886 3055 novae
908 2995 1075 3056 comoediae
1087 3002 1222 3072 satrapas

148 3107 179 3158 et
206 3115 389 3157 successores
418 3097 497 3173 regis
526 3096 691 3177 Alexandri
721 3115 806 3171 reges
837 3097 1067 3157 nominabantur
1091 3101 1138 3157 ab
1168 3097 1222 3170 eis,
1319 3164 1321 3169 y

98 3230 100 3235 ·
131 3218 272 3281 ⁴quorum
295 3198 414 3276 petroni
436 3203 534 3275 eraut,
556 3197 609 3303 illa
630 3199 844 3260 consuetudins
866 3198 1036 3291 appellandi
1059 3199 1103 3260 uti
1124 3199 1221 3259 homi·

307 3416 311 3426 ,

219 3524 244 3597 1)
262 3527 379 3579 Fortasse
405 3527 481 3579 etiam
498 3527 546 3578 hoe
563 3534 601 3579 ast
626 3528 771 3591 nonnullius
787 3528 921 3591 momenti,
948 3542 1005 3577 nam
1031 3528 1057 3578 in
1075 3542 1101 3578 v.
1120 3530 1168 3580 842
1188 3527 1220 3578 de

148 3615 307 3679 lampadibus
324 3615 471 3666 ardentibus
488 3615 566 3667 verba
582 3616 659 3680 dunt,
678 3618 743 3680 quod
763 3615 914 3666 vocabulum
931 3622 969 3666 aaa
979 3600 1096 3667 ‘Graecae
1115 3614 1221 3680 originia

150 3718 230 3765 nequa
246 3703 313 3765 apud
331 3703 410 3752 ullum
427 3703 576 3764 scriptoram
594 3702 734 3766 invenitur,
753 3704 800 3752 nisi
817 3704 885 3771 apud
902 3703 974 3753 Varr.
992 3704 1023 3752 R.
1035 3703 1066 3751 R.
1085 3705 1109 3753 A.
1129 3705 1172 3767 18,
1189 3707 1219 3752 ιε
1245 3708 1247 3712 ’

58 3856 60 3859 ι
115 3811 118 3819 ·
150 3805 217 3839 nunc
234 3804 307 3840 curan
326 3789 442 3854 lampada
459 3788 504 3840 tlbi
524 3789 609 3840 trado:
637 3797 662 3840 at
678 3790 745 3853 apud
771 3789 871 3840 Lueret.
899 3793 923 3840 2.
941 3793 989 3841 ib:
1008 3788 1083 3852 *quasi
1106 3805 1220 3841 cursores

150 3876 217 3926 vitae
233 3877 351 3941 lampada
368 3877 484 3939 ιιιᾶιιιιιῑ
508 3876 552 3927 aad
570 3877 636 3940 apud
661 3877 748 3927 ambos
764 3878 898 3940 scriptores
916 3876 1108 3941 proverbialiter
1125 3877 1219 3928 dictum

150 3969 189 4012 sat
205 3970 231 4012 at
247 3966 394 4014 translatum
412 3978 443 4014 aa
462 3962 577 4025 Graecia,
598 3963 640 4013 ubi
659 3965 762 4014 luvansa
780 3972 805 4014 et
822 3979 900 4014 curau-
913 3972 939 4015 ct
957 3965 1071 4027 lampada
1089 3966 1221 4015 certabant

150 4050 183 4100 ei.
200 4050 276 4100 Jahn.
296 4049 327 4099 ad
345 4050 415 4100 Para.
434 4050 479 4102 Vi.
499 4052 540 4101 al.
1006 4068 1008 4071 ·
