2800 4684
602 349 646 364 -
688 265 850 380 αι’-Ἀ

175 471 418 557 ninimilitndin03
457 472 533 532 adde
562 472 642 552 qnod
674 472 748 533 haoo
777 470 878 531 omnia
894 456 1058 548 mysteriis
1090 473 1254 532 obeourata

174 583 277 651 erant,
299 610 341 621 -
365 575 449 656 qnod'
467 595 506 635 ex
525 574 593 635 looo
615 573 756 634 Plautino
779 592 900 655 quoqne
921 572 1049 652 sompni,
1071 573 1123 634 nbi
1146 573 1254 634 noribi-
1374 560 1375 601 i

174 685 242 739 tur:
273 679 306 738 in
328 682 431 738 aurem
453 676 565 738 dixerit
585 707 628 721 -
655 683 690 736 nt
711 677 777 737 fieri
808 696 879 736 non·
891 682 1011 756 ponent,
1041 680 1076 735 nt
1096 675 1129 735 in
1150 674 1254 755 publi·
1374 638 1375 693 i

174 801 241 843 onm
264 782 413 855 eraderet,
437 779 509 862 quid
531 779 659 842 dixieaet
679 772 817 857 βασιλιύς
839 777 1004 862 donatiana.
1047 783 1149 860 Atque
1165 774 1255 854 βασι-
1374 760 1375 779 ἒ

80 882 83 887 “
173 878 229 954 ἕως
257 884 440 967 montionem
461 883 507 944 in'
522 903 601 946 nora
624 883 777 944 comoedia
804 882 962 960 indagavi,
991 882 1029 943 od.
1053 880 1169 960 Diphili
1194 881 1253 942 Pn-

172 988 296 1068 nogyrie
316 988 533 1069 fragmentum

536 1120 538 1125 ⁴
577 1081 635 1171 ιὴν
655 1072 802 1146 πλατεῖαῖα
820 1103 868 1147 σαι
890 1081 983 1165 μόνον

326 1182 437 1268 ταύτην
465 1188 627 1276 ntundnan
655 1180 674 1250 α’
695 1182 853 1265 βασιλεῦς,
883 1210 942 1272 qno
970 1189 1036 1250 looo
1057 1208 1160 1265 regom
1183 1172 1251 1248 eene
1374 1222 1375 1273 ᾗ

170 1289 293 1372 βασιλέα
315 1286 441 1374 ἄρχοντα
463 1294 523 1355 iam
547 1303 673 1375 apparet
695 1314 735 1355 ox
749 1292 838 1355 titulo
866 1284 1049 1374 Πανηγῦρει,
1072 1311 1149 1374 quae
1170 1290 1252 1351 ludia

171 1397 335 1458 naoralibuo
358 1405 431 1460 erat.
477 1399 573 1464 Quam
595 1398 876 1476 interpretationem
905 1398 930 1458 ni
958 1388 1253 1477 aooipimun'qnan·
1374 1392 1375 1421 ¹

170 1501 238 1562 dam
259 1501 322 1563 rim
342 1501 442 1562 inoeao
463 1502 496 1562 in
518 1522 554 1562 eo
577 1522 667 1564 veron
690 1521 801 1579 negare
823 1520 883 1562 non
905 1520 1070 1582 pontumue

255 1606 293 1666 In
316 1627 406 1668 vernn
428 1605 558 1688 deniqne
581 1612 642 1667 928
667 1607 854 1687 sycophanta
875 1604 1095 1681 interrogatus,
1125 1602 1179 1665 nbi
1202 1624 1252 1666 τα·

167 1710 293 1792 liquerit
314 1711 467 1771 dominnm
485 1710 683 1784 Charmidem,
706 1710 887 1790 respondete

294 1814 350 1874 Pol
370 1814 454 1874 illum
469 1812 578 1894 reliqui
601 1815 638 1873 ad
660 1814 897 1875 Rhadamantem
918 1813 951 1873 in
973 1811 1124 1891 Ceoropia.

60 1922 63 1927 '
166 1918 243 1979 Nam
272 1916 315 1979 nio
343 1918 473 1979 seribere
506 1914 583 1977 malo
613 1918 779 1978 Ritsohelio
811 1915 842 1977 in
872 1915 1049 1995 praefation.
1078 1936 1110 1993 p.
1139 1913 1251 1976 LXIX

170 2021 311 2083 editionin
332 2023 526 2096 adhortante,
549 2040 615 2082 oum
638 2020 688 2080 alii
712 2020 869 2083 lectionem
893 2020 1027 2082 oodioum
1049 2019 1250 2080 ‘Rhadaman-

126 2142 130 2151 ‘
169 2131 230 2187 tem
252 2125 285 2191 in
307 2123 451 2204 Georopia
479 2120 586 2186 inenla'
619 2132 736 2187 mutent
765 2125 798 2185 in
828 2125 1019 2187 ‘Rhadaman
1049 2123 1081 2184 in
1104 2122 1250 2201 Oooropia

166 2225 282 2291 inonla'.
326 2226 406 2294 Quid
428 2230 486 2290 hoo
508 2228 572 2290 looo
596 2229 707 2290 mentio
730 2228 944 2289 Rhadamantie
965 2228 1122 2307 respioiat,
1154 2225 1246 2287 {anile

167 2339 213 2394 oet
233 2329 406 2407 intellectu,
437 2351 504 2392 nam
527 2330 624 2393 insula
644 2331 694 2394 vol
724 2351 848 2410 regnum
870 2330 952 2392 illiue
973 2330 1052 2409 regie
1074 2329 1168 2408 magio
1189 2348 1246 2390 ox·

166 2436 297 2515 oogitata
318 2441 365 2497 eet
387 2453 474 2518 quam
497 2442 532 2498 nt
552 2455 585 2496 ro
600 2454 673 2498 vera
693 2435 822 2498 inveniri
837 2433 934 2514 poenit
953 2435 985 2496 in
1008 2435 1066 2497 hoo
1087 2435 1159 2505 orbo
1180 2442 1243 2495 ter·

165 2558 276 2613 rarum;
299 2546 345 2601 eet
366 2559 398 2600 re
413 2557 485 2601 vera
505 2545 585 2601 terra
599 2538 743 2615 fabulosa,
767 2539 818 2600 nbi
835 2540 971 2601 hominen
984 2537 1156 2600 felicissima
1170 2557 1245 2599 oon·

166 2641 280 2704 ditione
304 2641 384 2703 vitae
406 2641 452 2702 nni
475 2648 688 2720 postmortem
711 2644 827 2706 vivunt
857 2645 908 2706 of.
932 2639 987 2704 Odss
1010 2646 1039 2701 Δ
1062 2648 1139 2713 ,564ι

320 2734 392 2804 dttd
414 2734 441 2803 θ’
464 2735 651 2830 ἐςᾟλύσιον
673 2745 777 2806 πεδίον
799 2743 851 2805 καὶ
872 2744 996 2826 πείρατα
1018 2744 1105 2826 γαίης

319 2837 468 2907 ἀθάνατοι
489 2843 670 2925 πέμψουσιν,
694 2844 749 2909 ὅθι
770 2842 885 2923 {oodric
904 2839 1126 2926 Ῥαδάμανθυς,

317 2950 353 3034 τῇ
376 2969 431 3031 περ
454 2942 559 3030 ῥηίστη
582 2944 670 3029 βιοτή
693 2949 773 3013 πέλει
795 2944 1012 3033 ἅνθριὶιιωσιν.

145 3045 148 3051 ’
254 3056 361 3135 Itaque
383 3055 575 3132 eyoophanta,
598 3056 649 3137 qni
673 3057 704 3117 in
728 3064 792 3118 tota
806 3062 894 3119 soene
916 3056 1108 3138 hyporbolioe
1123 3054 1245 3116 looutnn

163 3161 209 3217 eet
230 3157 279 3235 (ot.
303 3156 383 3236 qnod
406 3155 479 3217 dioit
500 3176 532 3218 ee
553 3156 586 3218 in
608 3158 723 3220 ooelum
746 3158 913 3221 oeoendinee
934 3179 963 3221 v.
987 3165 1049 3220 940
1072 3159 1148 3240 eqo.)
1168 3176 1242 3236 per·

164 3261 240 3321 beno
263 3257 383 3336 gloriari
405 3257 522 3337 potuit,
551 3282 583 3323 eo
612 3261 654 3323 ibi
686 3263 838 3325 dominnm
865 3261 1037 3347 reliquisse,
1068 3260 1118 3323 ubi
1149 3279 1239 3351 nomo
1327 3286 1329 3292 ·

167 3360 302 3423 mortalia
322 3381 462 3445 umquam
485 3362 559 3440 fait,
582 3365 613 3425 in
635 3367 807 3429 beatissima
828 3372 921 3443 terra,
944 3366 977 3427 in
1000 3365 1119 3447 Elyei03
1146 3372 1239 3446 atque

165 3465 379 3528 Rhadamantin
409 3465 520 3529 montio
550 3476 649 3533 exstat
678 3471 768 3532 etiam
806 3469 839 3531 in
867 3469 1041 3549 fragmentis
1068 3467 1239 3534 oomoodiao

165 3570 204 3632 of.
228 3566 319 3630 Mein.
341 3568 386 3629 11.
409 3573 480 3646 802,
505 3577 532 3633 4.
576 3573 661 3635 Haeo
682 3572 801 3656 quidem
833 3574 961 3654 perepioi
983 3581 1110 3653 poeennt
1141 3579 1172 3636 et
1193 3571 1237 3634 lo·

161 3674 248 3738 viora
268 3679 355 3750 eunt,
387 3675 438 3735 eod
464 3674 496 3737 in
523 3678 581 3745 ⁴hoo
602 3696 635 3738 re
657 3678 783 3753 haereo,
813 3679 893 3760 qnod
916 3678 1131 3741 Rhadamantia
1151 3676 1235 3754 regio

162 3785 214 3837 ant
235 3775 379 3855 Oeoropia
398 3783 451 3840 aut
472 3779 615 3859 Oaroo'pia
636 3780 734 3841 insula
756 3782 934 3845 nominatur.
987 3782 1063 3844 Nam
1086 3781 1236 3864 quomodo

161 3878 304 3956 (ieoropia
323 3877 422 3939 inania
442 3878 464 3941 i.
488 3901 515 3943 o.
558 3883 660 3945 Attica
681 3890 762 3945 terra
784 3883 923 3962 coniungi
937 3875 1042 3964 ¹poenit
1064 3903 1131 3945 onm
1153 3881 1236 3944 Rha·

162 3984 308 4055 damanto,
336 3980 429 4044 tratre
451 3983 561 4047 Minoia
581 3984 671 4071 regin,
694 3985 746 4067 qui
769 3987 886 4048 eratin
908 3986 1006 4049 inenla
1027 3987 1122 4061 Orata,
1144 3984 1235 4044 intel·

160 4085 259 4163 legero
285 4102 346 4145 non
367 4103 495 4164 poenum.
539 4094 638 4172 Atque
668 4088 740 4174 quid
763 4089 820 4151 eibi
848 4088 923 4153 velit
951 4086 1094 4169 Ooroopia
1123 4086 1235 4165 insula,
