2800 4684
597 175 811 275 ..ω’-

170 364 228 445 qui
244 383 349 426 versus
369 364 406 424 ad
428 382 517 446 quem
538 368 683 442 spectent,
707 364 838 427 dubitari
860 367 968 442 potest.
1000 364 1040 424 Et
1062 385 1240 447 quamquam

171 467 267 527 Gellio
285 464 381 553 dune,
411 467 503 549 ouiusx
523 475 627 531 auotor
657 471 696 530 Μ.
720 467 814 529 Varro
837 472 897 542 est,
927 467 959 526 hi
988 485 1091 529 versus
1120 469 1243 546 sapiunt

169 570 316 630 ustionem
332 569 509 645 Plautinsm,
532 576 631 632 tamen
655 569 874 632 diiudicandum
896 576 950 643 est,
973 574 1071 630 utrum
1093 570 1125 630 in
1141 570 1241 643 Plauti

171 671 293 732 offioina
312 672 464 734 frabrioati
485 693 524 733 an
545 679 661 734 tentam
691 691 731 733 ex
752 673 865 734 Gnaeos
885 671 987 733 fabula
1008 673 1145 735 translati
1163 672 1239 737 sint.
1328 720 1331 723 -

87 762 92 769 ⁴
170 772 321 839 Quantum
344 794 399 855 ego
420 775 523 838 videre
544 796 673 855 possum,
695 776 756 837 iem
776 776 809 838 in
823 775 937 839 Graeoo
951 776 1114 855 exemplari
1136 776 1240 854 soripti

170 876 362 956 legebantur,
389 900 457 940 nens
479 879 606 959 primum
629 879 750 962 quidem
771 866 919 959 parasitus
941 900 1008 942 eum
1030 900 1090 942 non
1112 886 1239 953 aoousat,
1282 960 1286 966 .

169 981 221 1063 qui
244 982 356 1044 Romae
376 982 490 1062 primus
511 982 652 1044 solarium
681 983 802 1059 statuit,
834 984 886 1044 sed
917 1002 994 1060 eum,
1017 983 1069 1066 qui
1098 982 1240 1044 solarium

167 1086 300 1148 effioiens
321 1088 410 1148 horas
430 1086 572 1166 repperit,
595 1106 683 1169 quens
706 1108 768 1148 non
789 1088 884 1149 fuisse
899 1089 1067 1149 Romanum
1088 1089 1147 1147 isin
1169 1086 1240 1146 inde

167 1189 362 1268 intelligitur,
393 1192 472 1272 quod
493 1190 651 1252 Messalam
673 1190 826 1252 eonsulem
847 1191 927 1253 bello
944 1191 1059 1252 Punico
1081 1191 1178 1269 primo
1200 1210 1239 1251 ox
1333 1217 1336 1223 ·

33 1384 38 1389 ⁹
165 1292 278 1355 Graeaa
298 1297 371 1357 urbe
398 1295 430 1355 in
452 1294 553 1357 Sicilia
579 1294 720 1356 solarium
743 1294 961 1373 deportatione,
993 1293 1115 1355 minime
1133 1299 1237 1379 autom
1358 1344 1362 1360 .

163 1396 317 1461 invenisse
338 1401 380 1462 ll.
403 1399 497 1461 Varro
527 1399 605 1479 apud
626 1398 758 1460 Plinium
788 1399 873 1461 testis
902 1405 956 1461 est
1000 1398 1115 1460 Deinde
1136 1402 1237 1460 autem

167 1521 345 1588 quamquem
366 1503 425 1564 iam
447 1523 525 1565 anno
549 1508 608 1566 491
632 1523 658 1565 a
679 1525 709 1566 u.
731 1524 757 1567 o.
779 1503 854 1565 illud
875 1503 1015 1565 solarium
1034 1503 1147 1564 Reum
1168 1503 1235 1578 fuit

72 1617 83 1631 ·’
161 1612 262 1668 tamen
280 1607 378 1682 minus
400 1609 519 1686 egregie
540 1609 650 1672 laetum
672 1608 724 1671 vel
744 1619 847 1688 aptum
869 1629 934 1670 esse
949 1608 1115 1683 videbatur,
1138 1626 1237 1691 neque

163 1710 242 1796 enim
264 1713 468 1789 eongmebant
495 1711 559 1774 eius
586 1712 684 1773 lineae
706 1714 743 1773 ed
765 1714 868 1787 horas,
902 1714 1092 1794 quamobrem
1115 1711 1237 1773 minime

160 1814 323 1881 verisimile
355 1822 416 1889 est,
453 1816 595 1894 oppidum
627 1815 743 1878 solaiiis
776 1816 807 1876 id
843 1836 937 1893 genus
972 1816 1125 1894 oppletum
1156 1836 1237 1877 iesse·
1286 1888 1288 1892 p

162 1916 262 1984 Quid?
289 1920 369 1999 quod
393 1918 486 1980 Varro
508 1919 581 1981 dioit
602 1921 719 1981 demum
741 1939 820 1980 anno
843 1925 904 1980 590
921 1920 1027 1981 Plauto
1052 1924 1168 1981 mortuo
1200 1917 1236 1985 Q.

159 2020 305 2082 Maroium
334 2020 505 2099 Philippum
535 2021 709 2099 diligentius
738 2021 904 2084 ordinatum
926 2021 1070 2100 posuisse.
1113 2023 1238 2084 Aooedit
1298 2081 1300 2087 .

160 2125 241 2206 quod
267 2124 321 2184 ills
340 2124 452 2186 mentio
481 2124 561 2186 faeta
590 2132 636 2188 est
665 2145 684 2186 a
712 2145 840 2205 persona
873 2126 1089 2187 oomoodiarum
1111 2126 1237 2186 Graean-

159 2248 226 2289 rnm
248 2227 278 2288 in
294 2227 456 2303 oomoedia,
478 2228 562 2290 ouius
583 2229 689 2292 titulus
711 2236 757 2292 est
777 2236 812 2291 ut
832 2231 947 2291 Andria
966 2231 1046 2309 epnd
1060 2228 1233 2292 Terentium

27 2380 33 2389 .
160 2330 289 2393 (inaeoae
321 2330 452 2408 originis.
507 2333 585 2411 Ergo
618 2332 755 2394 omnibus
791 2332 839 2395 his
870 2334 960 2394 robus
995 2353 1055 2397 non
1088 2332 1232 2411 negleotis

157 2436 191 2497 hi
212 2456 325 2512 versus,
346 2456 422 2518 quos
442 2436 475 2497 in
490 2436 590 2499 Plauti
604 2439 758 2500 comoedia
772 2437 906 2500 Varrone
920 2440 1115 2517 praeoedente
1128 2438 1229 2513 fuisso,

23 2610 32 2623 .
157 2560 219 2602 non
247 2561 267 2603 a
294 2540 400 2603 Plauto
429 2543 607 2621 nespioiente
635 2541 775 2606 instituta
803 2561 873 2605 suae
907 2542 1015 2605 aetatis
1045 2542 1139 2604 laotos
1166 2563 1231 2604 esso

158 2665 247 2707 nemo
269 2645 432 2722 dubitabit,
467 2647 576 2709 debent
598 2647 692 2709 tribui
715 2647 827 2708 Graeoo
849 2646 1022 2725 exemplari.
1066 2648 1113 2708 Ad
1142 2666 1229 2729 quem
1352 2688 1354 2692 »

155 2751 232 2811 hano
247 2752 341 2813 verbe
362 2755 498 2829 speetent
515 2751 637 2812 diffinile
658 2759 705 2811 est
726 2751 815 2825 diota,
837 2750 888 2810 sed
910 2750 988 2811 siout
1009 2750 1130 2824 minime
1152 2749 1235 2843 volop
1306 2838 1308 2842 μ

161 2853 206 2914 eis
224 2853 332 2931 respiei
348 2853 572 2927 anaximenem,
595 2872 683 2934 quem
706 2853 832 2930 primum
849 2851 988 2913 solarium
1011 2854 1149 2914 statuisse
1171 2860 1230 2917 trae

52 2945 55 2952 ¹
156 2956 250 3030 dunt,
270 2955 315 3016 ita
335 2962 408 3033 puto
430 2974 490 3015 non
513 2955 689 3017 temeritatis
711 2975 785 3028 esse,
813 2975 849 3016 ea
875 2956 987 3016 referre
1009 2958 1045 3016 ad
1067 2957 1229 3030 Matonem,

155 3056 209 3137 qui
229 3056 278 3118 vir
299 3056 524 3117 mathematious
553 3075 632 3118 anno
655 3062 718 3118 488
741 3058 870 3119 Athenis
893 3057 1001 3118 solario
1024 3058 1115 3118 nixus
1136 3076 1229 3118 anno·

154 3150 222 3219 rani
244 3158 388 3220 rationem
410 3157 491 3220 feeit

102 3263 105 3267 ’
241 3264 299 3324 Sed
312 3263 418 3324 summi
441 3263 581 3324 momenti
604 3268 659 3339 est,
682 3264 762 3344 quod
786 3263 1101 3345 omnia'quaeeunque
1123 3265 1160 3325 ad
1181 3284 1232 3335 ree⁸

154 3386 222 3428 rum
251 3373 399 3445 gestarum
427 3373 460 3428 et
487 3365 692 3429 institutorum
722 3366 855 3428 oivilium
885 3367 1055 3428 memoriam
1083 3374 1227 3446 apostant,

22 3508 41 3514 ν·
153 3469 308 3531 nonnullis
330 3469 402 3532 ldois
424 3467 559 3548 exeeptis
580 3478 652 3532 sant
666 3470 795 3533 Graeeee
810 3468 943 3549 empuis.
987 3470 1131 3536 Quamvis
1146 3491 1227 3532 mon·

153 3573 199 3635 tio
220 3573 442 3636 baoohausliuns
465 3573 542 3653 (llil.
565 3572 650 3652 857),
672 3574 771 3652 gentis
791 3573 929 3652 Papiriae
951 3574 1039 3653 (drag.
1054 3574 1227 3636 Foeneratr.

153 3679 234 3758 apud
255 3675 411 3757 Diomed.)‚
439 3684 545 3757 poetae
565 3677 671 3742 Naevii
700 3678 776 3758 (llil.
800 3676 888 3759 alo),
918 3678 1098 3759 populorum
1117 3679 1225 3742 Boium

158 3791 189 3845 et
208 3784 423 3862 Campanorum
446 3781 543 3861 (Oapt
567 3788 638 3845 888.
659 3783 793 3844 Trinium.
817 3783 892 3863 545)
914 3783 1096 3861 reperiatur,
1126 3766 1225 3845 tamen

155 3884 246 3947 simili
269 3886 356 3946 modo
377 3893 468 3967 atque
495 3885 529 3946 in
558 3887 685 3948 historia
706 3886 832 3948 fabulari
861 3885 977 3968 reliqua
1005 3886 1127 3947 nomina
1155 3893 1227 3977 sapt

154 3987 283 4064 druos,
314 4007 509 4070 quaenunqae
538 3987 625 4050 nobis
654 3982 831 4064 oenumunt,
862 3994 952 4070 etque
982 3987 1148 4069 nespioiunt
1175 3976 1233 4059 vols
1285 4067 1287 4071 .
