<?xml version="1.0" encoding="UTF-8"?>
<!DOCTYPE html PUBLIC "-//W3C//DTD XHTML 1.0 Transitional//EN"
    "http://www.w3.org/TR/xhtml1/DTD/xhtml1-transitional.dtd">
<html xmlns="http://www.w3.org/1999/xhtml" xml:lang="en" lang="en">
 <head>
  <title>
</title>
<meta http-equiv="Content-Type" content="text/html;charset=utf-8" />
  <meta name='ocr-system' content='tesseract 3.04.00' />
  <meta name='ocr-capabilities' content='ocr_page ocr_carea ocr_par ocr_line ocrx_word'/>
</head>
<body>
  <div class='ocr_page' id='page_1' title='image "./dehistoriafabul00ostegoog_0029.png"; bbox 0 0 2800 4684; ppageno 0'>
   <div class='ocr_carea' id='block_1_1' title="bbox 192 328 1264 666">
    <p class='ocr_par' dir='ltr' id='par_1_1' title="bbox 192 328 1264 666">
     <span class='ocr_line' id='line_1_1' title="bbox 620 328 835 396; baseline -0.005 -19"><span class='ocrx_word' id='word_1_1' title='bbox 620 362 664 377; x_wconf 91' lang='grc'>..</span> <span class='ocrx_word' id='word_1_2' title='bbox 709 328 750 396; x_wconf 71' lang='grc'>16</span> <span class='ocrx_word' id='word_1_3' title='bbox 791 361 835 376; x_wconf 93' lang='lat'>..</span> 
     </span>
     <span class='ocr_line' id='line_1_2' title="bbox 194 453 1264 573; baseline 0.002 -28"><span class='ocrx_word' id='word_1_4' title='bbox 194 489 265 573; x_wconf 74' lang='lat'>205.</span> <span class='ocrx_word' id='word_1_5' title='bbox 289 453 348 545; x_wconf 67' lang='lat' dir='ltr'>tol</span> <span class='ocrx_word' id='word_1_6' title='bbox 371 484 551 545; x_wconf 88' lang='lat' dir='ltr'>mentionem</span> <span class='ocrx_word' id='word_1_7' title='bbox 574 503 826 562; x_wconf 82' lang='lat' dir='ltr'>snpervnoonsnm</span> <span class='ocrx_word' id='word_1_8' title='bbox 848 490 905 559; x_wconf 86' lang='lat' dir='ltr'>est,</span> <span class='ocrx_word' id='word_1_9' title='bbox 925 505 994 545; x_wconf 85' lang='lat' dir='ltr'>nem</span> <span class='ocrx_word' id='word_1_10' title='bbox 1015 484 1159 546; x_wconf 70' lang='lat' dir='ltr'>historiae</span> <span class='ocrx_word' id='word_1_11' title='bbox 1178 485 1264 547; x_wconf 79' lang='lat' dir='ltr'>fobu·</span> 
     </span>
     <span class='ocr_line' id='line_1_3' title="bbox 192 585 1061 666; baseline 0 -18"><span class='ocrx_word' id='word_1_12' title='bbox 192 586 264 648; x_wconf 83' lang='lat' dir='ltr'>lsris</span> <span class='ocrx_word' id='word_1_13' title='bbox 284 587 483 647; x_wconf 77' lang='lat' dir='ltr'>Romanorum</span> <span class='ocrx_word' id='word_1_14' title='bbox 505 604 561 646; x_wconf 86' lang='lat' dir='ltr'>neo</span> <span class='ocrx_word' id='word_1_15' title='bbox 580 585 650 649; x_wconf 85' lang='lat' dir='ltr'>vols</span> <span class='ocrx_word' id='word_1_16' title='bbox 671 605 727 648; x_wconf 90' lang='lat' dir='ltr'>neo</span> <span class='ocrx_word' id='word_1_17' title='bbox 748 585 906 665; x_wconf 75' lang='lat' dir='ltr'>vestigium</span> <span class='ocrx_word' id='word_1_18' title='bbox 927 592 1061 666; x_wconf 84' lang='lat' dir='ltr'>spporet</span> 
     </span>
    </p>
   </div>
   <div class='ocr_carea' id='block_1_2' title="bbox 191 788 1263 1692">
    <p class='ocr_par' dir='ltr' id='par_1_2' title="bbox 278 788 1166 967">
     <span class='ocr_line' id='line_1_4' title="bbox 278 788 1166 871; baseline 0.002 -21"><span class='ocrx_word' id='word_1_19' title='bbox 278 791 316 850; x_wconf 85' lang='lat' dir='ltr'>In</span> <span class='ocrx_word' id='word_1_20' title='bbox 336 788 570 851; x_wconf 77' lang='lat' dir='ltr'>Anlnlorise</span> <span class='ocrx_word' id='word_1_21' title='bbox 591 809 636 851; x_wconf 83' lang='lat' dir='ltr'>vr.</span> <span class='ocrx_word' id='word_1_22' title='bbox 657 795 718 851; x_wconf 74' lang='lat'>891</span> <span class='ocrx_word' id='word_1_23' title='bbox 743 810 806 871; x_wconf 86' lang='lat' dir='ltr'>eqs.</span> <span class='ocrx_word' id='word_1_24' title='bbox 849 790 952 850; x_wconf 85' lang='lat' dir='ltr'>Enolio</span> <span class='ocrx_word' id='word_1_25' title='bbox 974 789 1098 852; x_wconf 68' lang='lat' dir='ltr'>elamet:</span> <span class='ocrx_word' id='word_1_26' title='bbox 1162 830 1166 837; x_wconf 91' lang='lat'><em>-</em></span> 
     </span>
     <span class='ocr_line' id='line_1_5' title="bbox 712 892 854 967; baseline 0 -15"><span class='ocrx_word' id='word_1_27' title='bbox 712 893 749 953; x_wconf 79' lang='lat' dir='ltr'>ni</span> <span class='ocrx_word' id='word_1_28' title='bbox 772 892 854 967; x_wconf 82' lang='lat' dir='ltr'>mihi,</span> 
     </span>
    </p>

    <p class='ocr_par' dir='ltr' id='par_1_3' title="bbox 298 994 1212 1075">
     <span class='ocr_line' id='line_1_6' title="bbox 298 994 1212 1075; baseline 0.002 -22"><span class='ocrx_word' id='word_1_29' title='bbox 298 994 377 1054; x_wconf 88' lang='lat' dir='ltr'>Perii</span> <span class='ocrx_word' id='word_1_30' title='bbox 401 994 501 1055; x_wconf 90' lang='lat' dir='ltr'>bsrole</span> <span class='ocrx_word' id='word_1_31' title='bbox 523 1012 589 1071; x_wconf 74' lang='lat' dir='ltr'>sgot</span> <span class='ocrx_word' id='word_1_32' title='bbox 613 1012 717 1054; x_wconf 78' lang='lat' dir='ltr'>snrnrn</span> <span class='ocrx_word' id='word_1_33' title='bbox 738 994 866 1072; x_wconf 84' lang='lat' dir='ltr'>repitnr,</span> <span class='ocrx_word' id='word_1_34' title='bbox 888 994 957 1055; x_wconf 80' lang='lat' dir='ltr'>sule</span> <span class='ocrx_word' id='word_1_35' title='bbox 977 994 1137 1075; x_wconf 85' lang='lat' dir='ltr'>qnoeritnr.</span> <span class='ocrx_word' id='word_1_36' title='bbox 1210 1051 1212 1055; x_wconf 76' lang='grc'>,</span> 
     </span>
    </p>

    <p class='ocr_par' dir='ltr' id='par_1_4' title="bbox 298 1096 1141 1179">
     <span class='ocr_line' id='line_1_7' title="bbox 298 1096 1141 1179; baseline 0.001 -22"><span class='ocrx_word' id='word_1_37' title='bbox 298 1096 416 1175; x_wconf 76' lang='lat' dir='ltr'>Apollo,</span> <span class='ocrx_word' id='word_1_38' title='bbox 439 1116 558 1179; x_wconf 87' lang='lat' dir='ltr'>qnoeso,</span> <span class='ocrx_word' id='word_1_39' title='bbox 579 1096 706 1157; x_wconf 82' lang='lat' dir='ltr'>subveni</span> <span class='ocrx_word' id='word_1_40' title='bbox 729 1097 768 1156; x_wconf 93' lang='lat' dir='ltr'>mi</span> <span class='ocrx_word' id='word_1_41' title='bbox 792 1102 883 1179; x_wconf 79' lang='lat' dir='ltr'>stqno</span> <span class='ocrx_word' id='word_1_42' title='bbox 904 1098 1030 1159; x_wconf 80' lang='lat' dir='ltr'>ndinvs:</span> <span class='ocrx_word' id='word_1_43' title='bbox 1139 1115 1141 1121; x_wconf 90' lang='lat'>·</span> 
     </span>
    </p>

    <p class='ocr_par' dir='ltr' id='par_1_5' title="bbox 299 1199 1036 1277">
     <span class='ocr_line' id='line_1_8' title="bbox 299 1199 1036 1277; baseline 0.003 -18"><span class='ocrx_word' id='word_1_44' title='bbox 299 1199 422 1276; x_wconf 71' lang='lat' dir='ltr'>confige</span> <span class='ocrx_word' id='word_1_45' title='bbox 443 1199 560 1277; x_wconf 73' lang='lat' dir='ltr'>sagittis</span> <span class='ocrx_word' id='word_1_46' title='bbox 580 1199 662 1259; x_wconf 80' lang='lat' dir='ltr'>iores</span> <span class='ocrx_word' id='word_1_47' title='bbox 683 1199 921 1261; x_wconf 72' lang='lat' dir='ltr'>thensaursrios:</span> <span class='ocrx_word' id='word_1_48' title='bbox 1033 1241 1036 1248; x_wconf 92' lang='lat'><em>-</em></span> 
     </span>
    </p>

    <p class='ocr_par' dir='ltr' id='par_1_6' title="bbox 299 1300 1067 1381">
     <span class='ocr_line' id='line_1_9' title="bbox 299 1300 1067 1381; baseline -0.001 -16"><span class='ocrx_word' id='word_1_49' title='bbox 299 1300 358 1366; x_wconf 82' lang='lat' dir='ltr'>Qui</span> <span class='ocrx_word' id='word_1_50' title='bbox 379 1302 411 1362; x_wconf 88' lang='lat' dir='ltr'>in</span> <span class='ocrx_word' id='word_1_51' title='bbox 432 1321 465 1363; x_wconf 88' lang='lat' dir='ltr'>re</span> <span class='ocrx_word' id='word_1_52' title='bbox 486 1301 538 1381; x_wconf 77' lang='lat' dir='ltr'>toli</span> <span class='ocrx_word' id='word_1_53' title='bbox 561 1301 628 1363; x_wconf 87' lang='lat' dir='ltr'>nliis</span> <span class='ocrx_word' id='word_1_54' title='bbox 648 1302 707 1361; x_wconf 85' lang='lat' dir='ltr'>ism</span> <span class='ocrx_word' id='word_1_55' title='bbox 730 1302 894 1363; x_wconf 76' lang='lat' dir='ltr'><strong>subvenisti</strong></span> <span class='ocrx_word' id='word_1_56' title='bbox 917 1303 1067 1364; x_wconf 83' lang='lat' dir='ltr'>ontidhno.</span> 
     </span>
    </p>

    <p class='ocr_par' dir='ltr' id='par_1_7' title="bbox 191 1401 1263 1692">
     <span class='ocr_line' id='line_1_10' title="bbox 277 1401 1263 1482; baseline 0.001 -18"><span class='ocrx_word' id='word_1_57' title='bbox 277 1402 500 1466; x_wconf 71' lang='lat' dir='ltr'>Demonstravit</span> <span class='ocrx_word' id='word_1_58' title='bbox 527 1403 725 1479; x_wconf 81' lang='lat' dir='ltr'>Kiesslingins</span> <span class='ocrx_word' id='word_1_59' title='bbox 738 1401 767 1482; x_wconf 92' lang='lat'>¹)</span> <span class='ocrx_word' id='word_1_60' title='bbox 795 1404 849 1464; x_wconf 91' lang='lat' dir='ltr'>bos</span> <span class='ocrx_word' id='word_1_61' title='bbox 875 1423 979 1465; x_wconf 82' lang='lat' dir='ltr'>versus</span> <span class='ocrx_word' id='word_1_62' title='bbox 1006 1405 1177 1465; x_wconf 82' lang='lat' dir='ltr'>referendos</span> <span class='ocrx_word' id='word_1_63' title='bbox 1198 1423 1263 1466; x_wconf 91' lang='lat' dir='ltr'>esse</span> 
     </span>
     <span class='ocr_line' id='line_1_11' title="bbox 192 1505 1263 1589; baseline 0 -21"><span class='ocrx_word' id='word_1_64' title='bbox 192 1511 228 1569; x_wconf 85' lang='lat' dir='ltr'>sd</span> <span class='ocrx_word' id='word_1_65' title='bbox 242 1507 426 1569; x_wconf 70' lang='lat' dir='ltr'>invasionem</span> <span class='ocrx_word' id='word_1_66' title='bbox 441 1506 600 1582; x_wconf 78' lang='lat' dir='ltr'>Gallorum,</span> <span class='ocrx_word' id='word_1_67' title='bbox 623 1506 674 1589; x_wconf 90' lang='lat' dir='ltr'>qni</span> <span class='ocrx_word' id='word_1_68' title='bbox 689 1527 769 1567; x_wconf 82' lang='lat' dir='ltr'>enno</span> <span class='ocrx_word' id='word_1_69' title='bbox 789 1508 860 1568; x_wconf 77' lang='lat'>278.</span> <span class='ocrx_word' id='word_1_70' title='bbox 878 1526 904 1567; x_wconf 72' lang='lat' dir='ltr'>e</span> <span class='ocrx_word' id='word_1_71' title='bbox 920 1507 988 1567; x_wconf 81' lang='lat' dir='ltr'>chr.</span> <span class='ocrx_word' id='word_1_72' title='bbox 1010 1505 1143 1588; x_wconf 78' lang='lat' dir='ltr'><strong>Delphos</strong></span> <span class='ocrx_word' id='word_1_73' title='bbox 1164 1514 1263 1569; x_wconf 78' lang='lat' dir='ltr'>vesto·</span> 
     </span>
     <span class='ocr_line' id='line_1_12' title="bbox 191 1608 1262 1692; baseline -0.002 -19"><span class='ocrx_word' id='word_1_74' title='bbox 191 1618 301 1673; x_wconf 90' lang='lat' dir='ltr'>vernnt</span> <span class='ocrx_word' id='word_1_75' title='bbox 320 1618 410 1692; x_wconf 85' lang='lat' dir='ltr'>otqns</span> <span class='ocrx_word' id='word_1_76' title='bbox 432 1608 535 1686; x_wconf 90' lang='lat' dir='ltr'>templi</span> <span class='ocrx_word' id='word_1_77' title='bbox 558 1609 707 1687; x_wconf 82' lang='lat' dir='ltr'>Apollinis</span> <span class='ocrx_word' id='word_1_78' title='bbox 729 1609 857 1688; x_wconf 81' lang='lat' dir='ltr'>diripere</span> <span class='ocrx_word' id='word_1_79' title='bbox 878 1609 975 1671; x_wconf 84' lang='lat' dir='ltr'>ooneti</span> <span class='ocrx_word' id='word_1_80' title='bbox 1004 1617 1083 1670; x_wconf 84' lang='lat' dir='ltr'>sunt</span> <span class='ocrx_word' id='word_1_81' title='bbox 1113 1610 1151 1672; x_wconf 84' lang='lat' dir='ltr'>oi.</span> <span class='ocrx_word' id='word_1_82' title='bbox 1174 1611 1262 1671; x_wconf 85' lang='lat' dir='ltr'>Pons.</span> 
     </span>
    </p>
   </div>
   <div class='ocr_carea' id='block_1_3' title="bbox 85 1702 1263 1791">
    <p class='ocr_par' dir='ltr' id='par_1_8' title="bbox 85 1702 1263 1791">
     <span class='ocr_line' id='line_1_13' title="bbox 85 1702 1263 1791; baseline -0.002 -17"><span class='ocrx_word' id='word_1_83' title='bbox 85 1715 88 1721; x_wconf 90' lang='grc'><strong>’</strong></span> <span class='ocrx_word' id='word_1_84' title='bbox 192 1712 270 1774; x_wconf 85' lang='lat' dir='ltr'>VIII</span> <span class='ocrx_word' id='word_1_85' title='bbox 289 1732 335 1791; x_wconf 86' lang='lat' dir='ltr'>op.</span> <span class='ocrx_word' id='word_1_86' title='bbox 363 1717 416 1774; x_wconf 80' lang='lat'>10:</span> <span class='ocrx_word' id='word_1_87' title='bbox 445 1706 623 1788; x_wconf 67' lang='grc' dir='ltr'>ἐκδηλότατα</span> <span class='ocrx_word' id='word_1_88' title='bbox 653 1706 685 1772; x_wconf 70' lang='lat' dir='ltr'>di</span> <span class='ocrx_word' id='word_1_89' title='bbox 710 1702 729 1773; x_wconf 79' lang='lat' dir='ltr'>o‘</span> <span class='ocrx_word' id='word_1_90' title='bbox 751 1712 891 1772; x_wconf 74' lang='grc' dir='ltr'><strong><em>Γαλατῶν</em></strong></span> <span class='ocrx_word' id='word_1_91' title='bbox 912 1705 1037 1790; x_wconf 72' lang='lat' dir='ltr'>orontio</span> <span class='ocrx_word' id='word_1_92' title='bbox 1065 1705 1199 1774; x_wconf 70' lang='lat' dir='ltr'>duritem</span> <span class='ocrx_word' id='word_1_93' title='bbox 1230 1711 1263 1774; x_wconf 73' lang='grc' dir='ltr'>ἐν</span> 
     </span>
    </p>
   </div>
   <div class='ocr_carea' id='block_1_4' title="bbox 194 1806 1262 1895">
    <p class='ocr_par' dir='ltr' id='par_1_9' title="bbox 194 1806 1262 1895">
     <span class='ocr_line' id='line_1_14' title="bbox 194 1806 1262 1895; baseline 0.002 -19"><span class='ocrx_word' id='word_1_94' title='bbox 194 1818 324 1891; x_wconf 74' lang='grc' dir='ltr'>Δελφοῖς</span> <span class='ocrx_word' id='word_1_95' title='bbox 352 1806 413 1877; x_wconf 69' lang='lat' dir='ltr'>dud</span> <span class='ocrx_word' id='word_1_96' title='bbox 442 1816 497 1876; x_wconf 80' lang='lat' dir='ltr'>roi</span> <span class='ocrx_word' id='word_1_97' title='bbox 528 1816 619 1888; x_wconf 78' lang='grc' dir='ltr'><strong><em>θεοῦ,</em></strong></span> <span class='ocrx_word' id='word_1_98' title='bbox 650 1814 701 1876; x_wconf 80' lang='grc' dir='ltr'>καὶ</span> <span class='ocrx_word' id='word_1_99' title='bbox 733 1811 864 1895; x_wconf 73' lang='lat' dir='ltr'>isopyrdc</span> <span class='ocrx_word' id='word_1_100' title='bbox 885 1807 945 1876; x_wconf 71' lang='lat' dir='ltr'>rino*</span> <span class='ocrx_word' id='word_1_101' title='bbox 968 1810 1129 1893; x_wconf 69' lang='grc' dir='ltr'><strong><em>δαιμόνων.</em></strong></span> <span class='ocrx_word' id='word_1_102' title='bbox 1175 1817 1262 1883; x_wconf 80' lang='lat' dir='ltr'>Quod</span> 
     </span>
    </p>
   </div>
   <div class='ocr_carea' id='block_1_5' title="bbox 191 1920 1393 2001">
    <p class='ocr_par' dir='ltr' id='par_1_10' title="bbox 191 1920 1393 2001">
     <span class='ocr_line' id='line_1_15' title="bbox 191 1920 1393 2001; baseline -0.001 -19"><span class='ocrx_word' id='word_1_103' title='bbox 191 1920 226 1981; x_wconf 87' lang='lat' dir='ltr'>si</span> <span class='ocrx_word' id='word_1_104' title='bbox 239 1920 410 1999; x_wconf 73' lang='lat' dir='ltr'>rogitemus,</span> <span class='ocrx_word' id='word_1_105' title='bbox 432 1920 562 1998; x_wconf 86' lang='lat' dir='ltr'>perbene</span> <span class='ocrx_word' id='word_1_106' title='bbox 583 1920 688 1980; x_wconf 82' lang='lat' dir='ltr'>Enolio</span> <span class='ocrx_word' id='word_1_107' title='bbox 711 1926 776 1981; x_wconf 80' lang='lat' dir='ltr'>oret</span> <span class='ocrx_word' id='word_1_108' title='bbox 796 1922 834 1980; x_wconf 85' lang='lat' dir='ltr'>nb</span> <span class='ocrx_word' id='word_1_109' title='bbox 850 1920 998 1999; x_wconf 81' lang='lat' dir='ltr'>Apolline,</span> <span class='ocrx_word' id='word_1_110' title='bbox 1020 1926 1054 1981; x_wconf 90' lang='lat' dir='ltr'>nt</span> <span class='ocrx_word' id='word_1_111' title='bbox 1075 1922 1153 2001; x_wconf 90' lang='lat' dir='ltr'>qnod</span> <span class='ocrx_word' id='word_1_112' title='bbox 1175 1929 1265 1982; x_wconf 86' lang='lat' dir='ltr'>onteo</span> <span class='ocrx_word' id='word_1_113' title='bbox 1392 1956 1393 1959; x_wconf 61' lang='lat'><em>=</em></span> 
     </span>
    </p>
   </div>
   <div class='ocr_carea' id='block_1_6' title="bbox 131 2014 1262 2508">
    <p class='ocr_par' dir='ltr' id='par_1_11' title="bbox 131 2014 1262 2508">
     <span class='ocr_line' id='line_1_16' title="bbox 131 2014 1262 2100; baseline 0 -17"><span class='ocrx_word' id='word_1_114' title='bbox 131 2036 133 2040; x_wconf 85' lang='grc'><em>·</em></span> <span class='ocrx_word' id='word_1_115' title='bbox 191 2023 312 2096; x_wconf 83' lang='lat' dir='ltr'>feeerit,</span> <span class='ocrx_word' id='word_1_116' title='bbox 333 2022 364 2082; x_wconf 88' lang='lat' dir='ltr'>id</span> <span class='ocrx_word' id='word_1_117' title='bbox 386 2022 492 2084; x_wconf 88' lang='lat' dir='ltr'>iterum</span> <span class='ocrx_word' id='word_1_118' title='bbox 515 2021 618 2097; x_wconf 79' lang='lat' dir='ltr'>fodiet,</span> <span class='ocrx_word' id='word_1_119' title='bbox 650 2014 756 2100; x_wconf 82' lang='lat' dir='ltr'>nempe</span> <span class='ocrx_word' id='word_1_120' title='bbox 777 2015 904 2100; x_wconf 81' lang='lat' dir='ltr'>repellat</span> <span class='ocrx_word' id='word_1_121' title='bbox 931 2023 1012 2083; x_wconf 81' lang='lat' dir='ltr'>intes</span> <span class='ocrx_word' id='word_1_122' title='bbox 1033 2022 1262 2095; x_wconf 84' lang='lat' dir='ltr'>thensonrsrios,</span> 
     </span>
     <span class='ocr_line' id='line_1_17' title="bbox 191 2123 1262 2206; baseline -0.002 -22"><span class='ocrx_word' id='word_1_123' title='bbox 191 2127 243 2206; x_wconf 89' lang='lat' dir='ltr'>qni</span> <span class='ocrx_word' id='word_1_124' title='bbox 264 2131 300 2185; x_wconf 90' lang='lat' dir='ltr'>nt</span> <span class='ocrx_word' id='word_1_125' title='bbox 320 2124 391 2184; x_wconf 88' lang='lat' dir='ltr'>olim</span> <span class='ocrx_word' id='word_1_126' title='bbox 413 2125 590 2184; x_wconf 76' lang='lat' dir='ltr'>titensonros</span> <span class='ocrx_word' id='word_1_127' title='bbox 604 2123 717 2201; x_wconf 80' lang='lat' dir='ltr'>templi,</span> <span class='ocrx_word' id='word_1_128' title='bbox 739 2125 782 2185; x_wconf 85' lang='lat' dir='ltr'>its</span> <span class='ocrx_word' id='word_1_129' title='bbox 803 2144 883 2184; x_wconf 85' lang='lat' dir='ltr'>nuno</span> <span class='ocrx_word' id='word_1_130' title='bbox 897 2123 1048 2184; x_wconf 86' lang='lat' dir='ltr'>Enolionis</span> <span class='ocrx_word' id='word_1_131' title='bbox 1069 2125 1262 2184; x_wconf 85' lang='lat' dir='ltr'>thonsnnrnm</span> 
     </span>
     <span class='ocr_line' id='line_1_18' title="bbox 190 2222 1262 2302; baseline -0.004 -16"><span class='ocrx_word' id='word_1_132' title='bbox 190 2226 307 2286; x_wconf 78' lang='lat' dir='ltr'>eniens</span> <span class='ocrx_word' id='word_1_133' title='bbox 336 2230 491 2286; x_wconf 86' lang='lat' dir='ltr'>oonsntnr.</span> <span class='ocrx_word' id='word_1_134' title='bbox 542 2225 582 2284; x_wconf 81' lang='lat' dir='ltr'>Et</span> <span class='ocrx_word' id='word_1_135' title='bbox 608 2244 674 2284; x_wconf 89' lang='lat' dir='ltr'>onm</span> <span class='ocrx_word' id='word_1_136' title='bbox 705 2225 778 2284; x_wconf 85' lang='lat' dir='ltr'>hoen</span> <span class='ocrx_word' id='word_1_137' title='bbox 809 2244 858 2285; x_wconf 88' lang='lat' dir='ltr'>rss</span> <span class='ocrx_word' id='word_1_138' title='bbox 893 2225 924 2284; x_wconf 89' lang='lat' dir='ltr'>in</span> <span class='ocrx_word' id='word_1_139' title='bbox 954 2224 1065 2286; x_wconf 86' lang='lat' dir='ltr'>Groeoo</span> <span class='ocrx_word' id='word_1_140' title='bbox 1099 2222 1262 2302; x_wconf 78' lang='lat' dir='ltr'>exemplari</span> 
     </span>
     <span class='ocr_line' id='line_1_19' title="bbox 189 2324 1262 2405; baseline -0.005 -17"><span class='ocrx_word' id='word_1_141' title='bbox 189 2328 330 2389; x_wconf 84' lang='lat' dir='ltr'>sdnotnto</span> <span class='ocrx_word' id='word_1_142' title='bbox 351 2346 415 2388; x_wconf 86' lang='lat' dir='ltr'>esse</span> <span class='ocrx_word' id='word_1_143' title='bbox 437 2328 551 2401; x_wconf 79' lang='lat' dir='ltr'>debent,</span> <span class='ocrx_word' id='word_1_144' title='bbox 573 2347 626 2387; x_wconf 94' lang='lat' dir='ltr'>sno</span> <span class='ocrx_word' id='word_1_145' title='bbox 647 2326 713 2387; x_wconf 91' lang='lat' dir='ltr'>inre</span> <span class='ocrx_word' id='word_1_146' title='bbox 732 2327 869 2387; x_wconf 90' lang='lat' dir='ltr'>omnibns</span> <span class='ocrx_word' id='word_1_147' title='bbox 890 2328 1038 2405; x_wconf 82' lang='lat' dir='ltr'>persnssit</span> <span class='ocrx_word' id='word_1_148' title='bbox 1051 2324 1262 2402; x_wconf 78' lang='lat' dir='ltr'>Kiesslingins,</span> 
     </span>
     <span class='ocr_line' id='line_1_20' title="bbox 190 2427 1262 2508; baseline -0.004 -20"><span class='ocrx_word' id='word_1_149' title='bbox 190 2429 319 2488; x_wconf 80' lang='lat' dir='ltr'>tebnlom</span> <span class='ocrx_word' id='word_1_150' title='bbox 341 2446 429 2508; x_wconf 82' lang='lat' dir='ltr'>qnom</span> <span class='ocrx_word' id='word_1_151' title='bbox 452 2428 576 2488; x_wconf 83' lang='lat' dir='ltr'>Plentns</span> <span class='ocrx_word' id='word_1_152' title='bbox 597 2435 715 2488; x_wconf 89' lang='lat' dir='ltr'>ssentns</span> <span class='ocrx_word' id='word_1_153' title='bbox 736 2435 783 2488; x_wconf 87' lang='lat' dir='ltr'>est</span> <span class='ocrx_word' id='word_1_154' title='bbox 802 2428 836 2489; x_wconf 90' lang='lat' dir='ltr'>in</span> <span class='ocrx_word' id='word_1_155' title='bbox 851 2428 1005 2488; x_wconf 78' lang='lat' dir='ltr'>Aululario</span> <span class='ocrx_word' id='word_1_156' title='bbox 1027 2427 1177 2501; x_wconf 83' lang='lat' dir='ltr'>Greeonm,</span> <span class='ocrx_word' id='word_1_157' title='bbox 1201 2445 1262 2487; x_wconf 89' lang='lat' dir='ltr'>non</span> 
     </span>
    </p>
   </div>
   <div class='ocr_carea' id='block_1_7' title="bbox 191 2529 1259 2704">
    <p class='ocr_par' dir='ltr' id='par_1_12' title="bbox 191 2529 1259 2704">
     <span class='ocr_line' id='line_1_21' title="bbox 191 2529 1027 2607; baseline -0.002 -15"><span class='ocrx_word' id='word_1_158' title='bbox 191 2530 386 2607; x_wconf 85' lang='lat' dir='ltr'>oonsoriptnm</span> <span class='ocrx_word' id='word_1_159' title='bbox 409 2530 500 2590; x_wconf 80' lang='lat' dir='ltr'>fnisse</span> <span class='ocrx_word' id='word_1_160' title='bbox 522 2529 579 2590; x_wconf 87' lang='lat' dir='ltr'>nisi</span> <span class='ocrx_word' id='word_1_161' title='bbox 602 2537 670 2607; x_wconf 88' lang='lat' dir='ltr'>post</span> <span class='ocrx_word' id='word_1_162' title='bbox 691 2549 740 2590; x_wconf 80' lang='lat' dir='ltr'>nn.</span> <span class='ocrx_word' id='word_1_163' title='bbox 763 2531 834 2590; x_wconf 79' lang='lat'><strong>273.</strong></span> <span class='ocrx_word' id='word_1_164' title='bbox 858 2550 884 2591; x_wconf 91' lang='lat' dir='ltr'>o.</span> <span class='ocrx_word' id='word_1_165' title='bbox 907 2532 974 2591; x_wconf 83' lang='lat' dir='ltr'>Chr.</span> <span class='ocrx_word' id='word_1_166' title='bbox 997 2551 1027 2590; x_wconf 86' lang='lat' dir='ltr'>n.</span> 
     </span>
     <span class='ocr_line' id='line_1_22' title="bbox 277 2624 1259 2704; baseline -0.002 -20"><span class='ocrx_word' id='word_1_167' title='bbox 277 2628 391 2685; x_wconf 83' lang='lat' dir='ltr'>Deinde</span> <span class='ocrx_word' id='word_1_168' title='bbox 413 2626 444 2683; x_wconf 91' lang='lat' dir='ltr'>in</span> <span class='ocrx_word' id='word_1_169' title='bbox 466 2645 509 2686; x_wconf 76' lang='lat' dir='ltr'>vn</span> <span class='ocrx_word' id='word_1_170' title='bbox 533 2630 592 2683; x_wconf 79' lang='lat' dir='ltr'>obl</span> <span class='ocrx_word' id='word_1_171' title='bbox 618 2643 680 2704; x_wconf 88' lang='lat' dir='ltr'>eqs.</span> <span class='ocrx_word' id='word_1_172' title='bbox 702 2626 780 2682; x_wconf 89' lang='lat' dir='ltr'>idem</span> <span class='ocrx_word' id='word_1_173' title='bbox 804 2625 907 2684; x_wconf 77' lang='lat' dir='ltr'>Euclio</span> <span class='ocrx_word' id='word_1_174' title='bbox 929 2626 1017 2683; x_wconf 92' lang='lat' dir='ltr'>homo</span> <span class='ocrx_word' id='word_1_175' title='bbox 1038 2643 1145 2685; x_wconf 80' lang='lat' dir='ltr'>evenne</span> <span class='ocrx_word' id='word_1_176' title='bbox 1166 2624 1259 2682; x_wconf 91' lang='lat' dir='ltr'>intro·</span> 
     </span>
    </p>
   </div>
   <div class='ocr_carea' id='block_1_8' title="bbox 191 2723 1260 3837">
    <p class='ocr_par' dir='ltr' id='par_1_13' title="bbox 191 2723 1260 2806">
     <span class='ocr_line' id='line_1_23' title="bbox 191 2723 1260 2806; baseline -0.006 -19"><span class='ocrx_word' id='word_1_177' title='bbox 191 2727 325 2800; x_wconf 76' lang='lat' dir='ltr'>dnoibnr,</span> <span class='ocrx_word' id='word_1_178' title='bbox 355 2725 408 2806; x_wconf 86' lang='lat' dir='ltr'>qni</span> <span class='ocrx_word' id='word_1_179' title='bbox 438 2731 618 2806; x_wconf 88' lang='lat' dir='ltr'>oonqnostns</span> <span class='ocrx_word' id='word_1_180' title='bbox 649 2725 729 2805; x_wconf 83' lang='lat' dir='ltr'>qnod</span> <span class='ocrx_word' id='word_1_181' title='bbox 757 2729 816 2784; x_wconf 80' lang='lat' dir='ltr'>tom</span> <span class='ocrx_word' id='word_1_182' title='bbox 850 2723 935 2784; x_wconf 88' lang='lat' dir='ltr'>multi</span> <span class='ocrx_word' id='word_1_183' title='bbox 965 2724 1051 2804; x_wconf 87' lang='lat' dir='ltr'>ooqni</span> <span class='ocrx_word' id='word_1_184' title='bbox 1081 2724 1112 2783; x_wconf 90' lang='lat' dir='ltr'>in</span> <span class='ocrx_word' id='word_1_185' title='bbox 1142 2723 1260 2784; x_wconf 89' lang='lat' dir='ltr'>domum</span> 
     </span>
    </p>

    <p class='ocr_par' dir='ltr' id='par_1_14' title="bbox 191 2826 1132 3427">
     <span class='ocr_line' id='line_1_24' title="bbox 191 2826 1123 2904; baseline -0.003 -14"><span class='ocrx_word' id='word_1_186' title='bbox 191 2848 273 2890; x_wconf 78' lang='lat' dir='ltr'>onem</span> <span class='ocrx_word' id='word_1_187' title='bbox 296 2827 443 2902; x_wconf 82' lang='lat' dir='ltr'>venerint,</span> <span class='ocrx_word' id='word_1_188' title='bbox 467 2827 686 2904; x_wconf 75' lang='lat' dir='ltr'>Megaronidem</span> <span class='ocrx_word' id='word_1_189' title='bbox 709 2827 824 2887; x_wconf 84' lang='lat' dir='ltr'>inonsot</span> <span class='ocrx_word' id='word_1_190' title='bbox 844 2826 892 2887; x_wconf 93' lang='lat' dir='ltr'>his</span> <span class='ocrx_word' id='word_1_191' title='bbox 912 2827 1026 2888; x_wconf 88' lang='lat' dir='ltr'>verbis:</span> <span class='ocrx_word' id='word_1_192' title='bbox 1121 2864 1123 2871; x_wconf 39' lang='grc' dir='ltr'><em>ι</em></span> 
     </span>
     <span class='ocr_line' id='line_1_25' title="bbox 321 2926 1132 3011; baseline -0.009 -16"><span class='ocrx_word' id='word_1_193' title='bbox 321 2929 401 2995; x_wconf 81' lang='lat' dir='ltr'>Quid</span> <span class='ocrx_word' id='word_1_194' title='bbox 422 2931 462 2991; x_wconf 90' lang='lat' dir='ltr'>sit</span> <span class='ocrx_word' id='word_1_195' title='bbox 483 2949 530 2989; x_wconf 90' lang='lat' dir='ltr'>me</span> <span class='ocrx_word' id='word_1_196' title='bbox 551 2926 679 3005; x_wconf 79' lang='lat' dir='ltr'>rogites?</span> <span class='ocrx_word' id='word_1_197' title='bbox 707 2929 758 3011; x_wconf 89' lang='lat' dir='ltr'>qni</span> <span class='ocrx_word' id='word_1_198' title='bbox 781 2930 868 2989; x_wconf 91' lang='lat' dir='ltr'>modo</span> <span class='ocrx_word' id='word_1_199' title='bbox 891 2928 987 2989; x_wconf 87' lang='lat' dir='ltr'>omnis</span> <span class='ocrx_word' id='word_1_200' title='bbox 1008 2927 1132 3004; x_wconf 72' lang='lat' dir='ltr'>angulos</span> 
     </span>
     <span class='ocr_line' id='line_1_26' title="bbox 319 3031 1050 3111; baseline -0.001 -19"><span class='ocrx_word' id='word_1_201' title='bbox 319 3033 428 3094; x_wconf 81' lang='lat' dir='ltr'>Fnrnm</span> <span class='ocrx_word' id='word_1_202' title='bbox 451 3032 613 3111; x_wconf 87' lang='lat' dir='ltr'>implevisti</span> <span class='ocrx_word' id='word_1_203' title='bbox 633 3032 665 3092; x_wconf 92' lang='lat' dir='ltr'>in</span> <span class='ocrx_word' id='word_1_204' title='bbox 687 3032 810 3092; x_wconf 85' lang='lat' dir='ltr'>oedibus</span> <span class='ocrx_word' id='word_1_205' title='bbox 831 3032 938 3093; x_wconf 86' lang='lat' dir='ltr'>misero</span> <span class='ocrx_word' id='word_1_206' title='bbox 960 3031 1050 3093; x_wconf 83' lang='lat' dir='ltr'>mibi:</span> 
     </span>
     <span class='ocr_line' id='line_1_27' title="bbox 318 3133 1105 3217; baseline -0.006 -17"><span class='ocrx_word' id='word_1_207' title='bbox 318 3133 376 3201; x_wconf 80' lang='lat' dir='ltr'>Qui</span> <span class='ocrx_word' id='word_1_208' title='bbox 398 3135 585 3197; x_wconf 73' lang='lat' dir='ltr'>intromisisti</span> <span class='ocrx_word' id='word_1_209' title='bbox 609 3136 641 3196; x_wconf 92' lang='lat' dir='ltr'>in</span> <span class='ocrx_word' id='word_1_210' title='bbox 662 3136 751 3196; x_wconf 87' lang='lat' dir='ltr'>oedes</span> <span class='ocrx_word' id='word_1_211' title='bbox 772 3135 953 3216; x_wconf 80' lang='lat' dir='ltr'>quingentos</span> <span class='ocrx_word' id='word_1_212' title='bbox 975 3155 1105 3217; x_wconf 67' lang='lat' dir='ltr'>ooqnos⁴</span> 
     </span>
     <span class='ocr_line' id='line_1_28' title="bbox 318 3231 1120 3318; baseline -0.001 -16"><span class='ocrx_word' id='word_1_213' title='bbox 318 3240 389 3302; x_wconf 83' lang='lat' dir='ltr'>Cum</span> <span class='ocrx_word' id='word_1_214' title='bbox 403 3231 492 3301; x_wconf 60' lang='lat' dir='ltr'>&#39;senis</span> <span class='ocrx_word' id='word_1_215' title='bbox 513 3239 650 3301; x_wconf 83' lang='lat' dir='ltr'>monibus</span> <span class='ocrx_word' id='word_1_216' title='bbox 670 3258 780 3318; x_wconf 74' lang='lat' dir='ltr'>genero</span> <span class='ocrx_word' id='word_1_217' title='bbox 802 3257 1002 3317; x_wconf 77' lang='lat' dir='ltr'>geryoneoeo:</span> <span class='ocrx_word' id='word_1_218' title='bbox 1118 3254 1120 3259; x_wconf 83' lang='grc'><em>·</em></span> 
     </span>
     <span class='ocr_line' id='line_1_29' title="bbox 319 3341 1093 3427; baseline -0.008 -18"><span class='ocrx_word' id='word_1_219' title='bbox 319 3344 402 3410; x_wconf 79' lang='lat' dir='ltr'>Quos</span> <span class='ocrx_word' id='word_1_220' title='bbox 423 3342 447 3406; x_wconf 91' lang='lat' dir='ltr'>si</span> <span class='ocrx_word' id='word_1_221' title='bbox 471 3348 689 3422; x_wconf 77' lang='lat' dir='ltr'>Argnsservet</span> <span class='ocrx_word' id='word_1_222' title='bbox 711 3343 762 3427; x_wconf 89' lang='lat' dir='ltr'>qni</span> <span class='ocrx_word' id='word_1_223' title='bbox 784 3343 904 3406; x_wconf 86' lang='lat' dir='ltr'>oonlens</span> <span class='ocrx_word' id='word_1_224' title='bbox 925 3347 1006 3406; x_wconf 91' lang='lat' dir='ltr'>totns</span> <span class='ocrx_word' id='word_1_225' title='bbox 1026 3341 1093 3418; x_wconf 72' lang='lat' dir='ltr'>fuit,</span> 
     </span>
    </p>

    <p class='ocr_par' dir='ltr' id='par_1_15' title="bbox 245 3447 1087 3530">
     <span class='ocr_line' id='line_1_30' title="bbox 245 3447 1087 3530; baseline -0.01 -16"><span class='ocrx_word' id='word_1_226' title='bbox 245 3477 249 3484; x_wconf 95' lang='lat'>·</span> <span class='ocrx_word' id='word_1_227' title='bbox 284 3458 287 3464; x_wconf 73' lang='grc'>“</span> <span class='ocrx_word' id='word_1_228' title='bbox 318 3448 412 3514; x_wconf 82' lang='lat' dir='ltr'>Qnem</span> <span class='ocrx_word' id='word_1_229' title='bbox 435 3450 583 3530; x_wconf 77' lang='lat' dir='ltr'>qnondam</span> <span class='ocrx_word' id='word_1_230' title='bbox 604 3448 672 3510; x_wconf 93' lang='lat' dir='ltr'>Ioni</span> <span class='ocrx_word' id='word_1_231' title='bbox 694 3450 772 3510; x_wconf 90' lang='lat' dir='ltr'>Inno</span> <span class='ocrx_word' id='word_1_232' title='bbox 795 3449 945 3510; x_wconf 88' lang='lat' dir='ltr'>onstodem</span> <span class='ocrx_word' id='word_1_233' title='bbox 967 3447 1087 3520; x_wconf 76' lang='lat' dir='ltr'>eddidit,</span> 
     </span>
    </p>

    <p class='ocr_par' dir='ltr' id='par_1_16' title="bbox 317 3551 1140 3732">
     <span class='ocr_line' id='line_1_31' title="bbox 317 3551 1084 3639; baseline -0.007 -25"><span class='ocrx_word' id='word_1_234' title='bbox 317 3553 351 3614; x_wconf 87' lang='lat' dir='ltr'>Is</span> <span class='ocrx_word' id='word_1_235' title='bbox 371 3572 531 3634; x_wconf 87' lang='lat' dir='ltr'>nnmqnnm</span> <span class='ocrx_word' id='word_1_236' title='bbox 554 3562 662 3615; x_wconf 80' lang='lat' dir='ltr'>servet</span> <span class='ocrx_word' id='word_1_237' title='bbox 691 3560 846 3631; x_wconf 85' lang='lat' dir='ltr'>proetereo</span> <span class='ocrx_word' id='word_1_238' title='bbox 860 3551 1018 3639; x_wconf 85' lang='lat' dir='ltr'>¹tibioinom</span> <span class='ocrx_word' id='word_1_239' title='bbox 1082 3559 1084 3563; x_wconf 83' lang='lat'>&#39;</span> 
     </span>
     <span class='ocr_line' id='line_1_32' title="bbox 318 3652 1140 3732; baseline -0.009 -10"><span class='ocrx_word' id='word_1_240' title='bbox 318 3656 402 3722; x_wconf 80' lang='lat' dir='ltr'>Qnee</span> <span class='ocrx_word' id='word_1_241' title='bbox 421 3657 460 3718; x_wconf 94' lang='lat' dir='ltr'>mi</span> <span class='ocrx_word' id='word_1_242' title='bbox 483 3656 666 3719; x_wconf 87' lang='lat' dir='ltr'>interbibere</span> <span class='ocrx_word' id='word_1_243' title='bbox 687 3656 759 3732; x_wconf 82' lang='lat' dir='ltr'>sole,</span> <span class='ocrx_word' id='word_1_244' title='bbox 781 3656 806 3717; x_wconf 89' lang='lat' dir='ltr'>si</span> <span class='ocrx_word' id='word_1_245' title='bbox 828 3655 899 3717; x_wconf 93' lang='lat' dir='ltr'>vino</span> <span class='ocrx_word' id='word_1_246' title='bbox 921 3652 1054 3730; x_wconf 82' lang='lat' dir='ltr'>sontot¹)</span> <span class='ocrx_word' id='word_1_247' title='bbox 1137 3691 1140 3697; x_wconf 69' lang='lat'><em>,</em></span> 
     </span>
    </p>

    <p class='ocr_par' dir='ltr' id='par_1_17' title="bbox 204 3760 976 3837">
     <span class='ocr_line' id='line_1_33' title="bbox 204 3760 976 3837; baseline -0.001 -16"><span class='ocrx_word' id='word_1_248' title='bbox 204 3784 220 3806; x_wconf 59' lang='lat' dir='ltr'><strong><em>v</em></strong></span> <span class='ocrx_word' id='word_1_249' title='bbox 317 3760 553 3822; x_wconf 74' lang='lat' dir='ltr'>Corinthiensem</span> <span class='ocrx_word' id='word_1_250' title='bbox 575 3761 686 3823; x_wconf 82' lang='lat' dir='ltr'>iontem</span> <span class='ocrx_word' id='word_1_251' title='bbox 710 3760 848 3820; x_wconf 76' lang='lat' dir='ltr'>Pirenam</span> <span class='ocrx_word' id='word_1_252' title='bbox 870 3764 976 3837; x_wconf 83' lang='lat' dir='ltr'>potest</span> 
     </span>
    </p>
   </div>
   <div class='ocr_carea' id='block_1_9' title="bbox 260 3910 1379 3977">
    <p class='ocr_par' dir='ltr' id='par_1_18' title="bbox 260 3910 1379 3977">
     <span class='ocr_line' id='line_1_34' title="bbox 260 3910 1379 3977; baseline -0.006 -12"><span class='ocrx_word' id='word_1_253' title='bbox 260 3920 285 3977; x_wconf 90' lang='lat'>1)</span> <span class='ocrx_word' id='word_1_254' title='bbox 300 3922 410 3964; x_wconf 83' lang='lat' dir='ltr'>eeternm</span> <span class='ocrx_word' id='word_1_255' title='bbox 432 3913 465 3963; x_wconf 77' lang='lat' dir='ltr'>oi.</span> <span class='ocrx_word' id='word_1_256' title='bbox 482 3914 628 3975; x_wconf 68' lang='lat' dir='ltr'>Kissslinssii</span> <span class='ocrx_word' id='word_1_257' title='bbox 646 3915 765 3975; x_wconf 77' lang='lat' dir='ltr'>dispntst</span> <span class='ocrx_word' id='word_1_258' title='bbox 789 3912 821 3962; x_wconf 86' lang='lat' dir='ltr'>de</span> <span class='ocrx_word' id='word_1_259' title='bbox 839 3914 885 3961; x_wconf 79' lang='lat' dir='ltr'>heo</span> <span class='ocrx_word' id='word_1_260' title='bbox 907 3926 935 3960; x_wconf 89' lang='lat' dir='ltr'>re</span> <span class='ocrx_word' id='word_1_261' title='bbox 961 3911 987 3959; x_wconf 89' lang='lat' dir='ltr'>in</span> <span class='ocrx_word' id='word_1_262' title='bbox 1005 3925 1069 3959; x_wconf 79' lang='lat' dir='ltr'>mne.</span> <span class='ocrx_word' id='word_1_263' title='bbox 1087 3910 1157 3958; x_wconf 82' lang='lat' dir='ltr'>rhen.</span> <span class='ocrx_word' id='word_1_264' title='bbox 1184 3911 1258 3959; x_wconf 73' lang='grc'><strong>1868.</strong></span> <span class='ocrx_word' id='word_1_265' title='bbox 1377 3919 1379 3923; x_wconf 89' lang='grc'><strong><em>·</em></strong></span> 
     </span>
    </p>
   </div>
   <div class='ocr_carea' id='block_1_10' title="bbox 190 4001 1263 4161">
    <p class='ocr_par' dir='ltr' id='par_1_19' title="bbox 190 4001 1263 4161">
     <span class='ocr_line' id='line_1_35' title="bbox 190 4001 501 4078; baseline -0.013 -27"><span class='ocrx_word' id='word_1_266' title='bbox 190 4002 287 4051; x_wconf 87' lang='lat' dir='ltr'>xxm.</span> <span class='ocrx_word' id='word_1_267' title='bbox 304 4016 347 4064; x_wconf 66' lang='grc' dir='ltr'>μς.</span> <span class='ocrx_word' id='word_1_268' title='bbox 366 4002 423 4051; x_wconf 82' lang='lat' dir='ltr'>ru.</span> <span class='ocrx_word' id='word_1_269' title='bbox 443 4001 501 4078; x_wconf 80' lang='lat' dir='ltr'>nro.</span> 
     </span>
     <span class='ocr_line' id='line_1_36' title="bbox 258 4081 1263 4161; baseline -0.007 -24"><span class='ocrx_word' id='word_1_270' title='bbox 258 4083 285 4155; x_wconf 75' lang='lat'>²)</span> <span class='ocrx_word' id='word_1_271' title='bbox 301 4086 340 4137; x_wconf 83' lang='lat' dir='ltr'>sie</span> <span class='ocrx_word' id='word_1_272' title='bbox 361 4087 586 4151; x_wconf 73' lang='lat' dir='ltr'>interpungendum</span> <span class='ocrx_word' id='word_1_273' title='bbox 611 4101 665 4136; x_wconf 83' lang='lat' dir='ltr'>esse</span> <span class='ocrx_word' id='word_1_274' title='bbox 683 4100 788 4149; x_wconf 76' lang='lat' dir='ltr'>renuo,</span> <span class='ocrx_word' id='word_1_275' title='bbox 815 4099 865 4134; x_wconf 85' lang='lat' dir='ltr'>non</span> <span class='ocrx_word' id='word_1_276' title='bbox 889 4083 1040 4134; x_wconf 72' lang='lat' dir='ltr'>mentiente</span> <span class='ocrx_word' id='word_1_277' title='bbox 1065 4081 1188 4161; x_wconf 58' lang='lat' dir='ltr'>dormio,</span> <span class='ocrx_word' id='word_1_278' title='bbox 1214 4081 1263 4144; x_wconf 77' lang='lat' dir='ltr'>qni</span> 
     </span>
    </p>
   </div>
   <div class='ocr_carea' id='block_1_11' title="bbox 143 4158 294 4226">
    <p class='ocr_par' dir='ltr' id='par_1_20' title="bbox 143 4158 294 4226">
     <span class='ocr_line' id='line_1_37' title="bbox 143 4158 294 4226; baseline -0.02 0"><span class='ocrx_word' id='word_1_279' title='bbox 143 4158 146 4163; x_wconf 46' lang='grc'><em>’</em></span> <span class='ocrx_word' id='word_1_280' title='bbox 190 4173 294 4226; x_wconf 67' lang='lat' dir='ltr'>scribto</span> 
     </span>
    </p>
   </div>
   <div class='ocr_carea' id='block_1_12' title="bbox 0 0 1404 4684">
    <p class='ocr_par' dir='ltr' id='par_1_21' title="bbox 0 0 1404 4684">
     <span class='ocr_line' id='line_1_38' title="bbox 0 0 1404 4684; baseline 0 1"><span class='ocrx_word' id='word_1_281' title='bbox 0 0 1404 4684; x_wconf 95' lang='lat' dir='ltr'> </span> 
     </span>
    </p>
   </div>
  </div>
 </body>
</html>
