2800 4684
600 271 900 340 ..30..¹

167 431 261 492 menti
283 448 348 492 eree
371 429 404 492 ie
426 429 554 491 Hooeleo
575 430 727 492 mentione
748 429 958 502 oonoodemee,
985 425 1138 504 eptieeime
1159 427 1242 490 vide·

167 540 218 595 tur
244 535 301 595 hoo
331 532 397 595 loeo
425 532 593 608 nominete,
632 533 684 594 ubi
714 541 766 595 eut
794 531 881 606 redde
908 529 996 592 fellor
1026 535 1078 592 eut
1109 550 1242 609 pronum·

102 659 109 668 ·
166 637 277 698 tieturz
298 635 323 697 oi
345 618 464 718 quidem
486 636 529 698 ite
549 636 617 711 orie,
639 642 674 698 ut
693 642 726 697 to
746 636 832 711 volo,
854 651 1014 712 numqeem
1036 632 1095 692 erio
1116 651 1239 711 peuper,

167 740 204 800 ed
225 738 305 822 quod
327 739 515 801 enuntiatum
537 738 651 802 oooedit
669 739 724 800 ille
744 736 909 801 eontentie:
942 741 1032 817 etque
1053 753 1172 813 semper
1191 754 1238 796 ro·

167 841 280 903 tinebie
294 841 373 906 heuo
387 843 493 906 eotetio
506 844 620 917 florem,
642 861 702 923 que
722 862 763 904 ex
783 862 816 904 re
838 841 926 904 etiem
942 839 1086 922 sequitur,
1108 837 1237 917 priorem

164 962 283 1005 veroum
312 945 349 1005 od
382 952 509 1007 dentem
540 950 674 1023 epeotere
695 963 756 1005 mou
784 964 888 1024 poree,
917 963 982 1005 oum
1014 941 1120 1003 eetetie
1157 960 1239 1001 meu·

147 1068 150 1073 ’
170 1046 214 1108 tio
236 1046 312 1108 iuuit
329 1047 362 1108 iu
377 1049 492 1110 duobuo
513 1047 684 1111 enuntietie
729 1047 809 1126 Ergo
823 1046 988 1108 reotieeime
1008 1047 1056 1106 oet
1069 1044 1116 1104 Pii
1139 1063 1240 1105 emen·

167 1149 458 1231 datie-quemquem
480 1149 574 1211 libere
588 1150 742 1225 ooudteor,
764 1169 811 1210 me
833 1153 929 1211 totum
941 1167 1060 1210 veroum
1083 1147 1239 1207 emendare

166 1272 230 1314 non
244 1272 342 1332 poree.
373 1253 471 1319 Quere
485 1250 622 1313 ebeolute
637 1253 732 1314 oritur
746 1252 890 1333 queeetio,
905 1250 985 1310 uude
999 1248 1118 1312 venerit
1130 1248 1238 1309 Plauto

163 1356 237 1416 beeo
251 1356 373 1416 mentio.
405 1355 510 1436 Neque
523 1353 649 1415 Romani
665 1354 722 1433 ipei
735 1353 867 1415 Heeelen
883 1360 1030 1414 noverant
1043 1351 1099 1413 niei
1116 1370 1156 1412 ex
1166 1351 1239 1411 Pro·

163 1457 252 1536 pertii
268 1465 299 1519 et
317 1456 419 1518 Ovidii
433 1457 621 1532 oermieibue,
636 1457 689 1537 qui
707 1459 785 1519 beno
800 1456 924 1534 figurem
940 1462 1132 1533 sumpserunt·
1144 1473 1163 1514 e
1173 1453 1247 1514 Cel··
1272 1440 1276 1447 ⁴

162 1560 303 1634 limeobo,
325 1560 410 1621 ouius
431 1559 546 1639 epyllio
568 1559 649 1620 illem
671 1578 761 1620 enum
782 1558 955 1621 inoleruieee
976 1575 1087 1635 eogere
1109 1576 1169 1617 non
1191 1556 1238 1616 feo

129 1682 131 1685 ’
165 1668 219 1722 eet.
262 1662 320 1721 Sed
335 1680 515 1742 quoeunque
530 1662 619 1722 modo
640 1680 689 1724 roe
710 1681 743 1724 oe
757 1664 857 1735 hebet,
880 1663 937 1722 hoo
958 1661 1138 1721 oontoudoro
1158 1658 1238 1731 lieet,

167 1763 299 1824 Heeeloe
320 1781 430 1824 nomeu
460 1763 520 1823 iem
541 1764 620 1841 opud
643 1764 855 1826 Philochorum
876 1762 1024 1836 inveniri,
1057 1762 1137 1842 quod
1166 1779 1237 1821 oon·

164 1865 313 1946 quirimuo
334 1883 374 1927 ex
394 1865 547 1927 Pluterobi
568 1864 691 1940 Theseo,
715 1865 765 1948 qui
781 1865 992 1927 Philoohorum
1014 1883 1047 1925 eo
1069 1862 1237 1924 exscribere

164 1968 331 2046 profitetur.
374 1969 447 2030 cum
466 1976 565 2031 eutem
579 1969 779 2032 Philooboruo
799 1968 892 2031 tuerit
912 1967 999 2029 initio
1022 1966 1103 2028 tertii
1126 1965 1236 2028 eeeouli

162 2080 254 2154 etqrw
275 2071 357 2133 illem
378 2071 508 2133 sobolem
532 2093 592 2133 uon
614 2072 817 2151 indagaverit,
846 2092 907 2134 uon
933 2072 1069 2151 ineptum
1098 2088 1163 2131 eeoe
1191 2069 1237 2131 ri·
1341 2144 1344 2149 y

161 2176 249 2236 deterr
277 2174 391 2250 diemo,
421 2180 453 2237 ot
481 2180 587 2257 querto
615 2176 674 2236 iem
704 2175 821 2238 oeooulo
843 2175 977 2237 Heoelen
1006 2178 1106 2235 notem
1135 2171 1236 2246 seioee,

162 2278 209 2340 eei
236 2279 280 2340 rei
303 2278 479 2341 doeumonto
501 2283 548 2341 eet
568 2279 636 2358 pegi
659 2300 767 2342 nomon
790 2285 822 2342 et
837 2278 1062 2341 Heoeleeiorum
1084 2296 1233 2338 eeororum
1335 2346 1336 2349 Ἴ

159 2381 280 2446 mentio.
324 2380 522 2447 Quamobrem
554 2387 585 2444 et
615 2384 696 2464 quod
726 2382 786 2444 fuit
817 2401 931 2463 peuper
952 2399 1044 2456 euue,
1073 2386 1146 2459 puto
1168 2397 1234 2440 eom

159 2485 343 2547 uotieeimem
358 2485 450 2547 deiero
469 2503 565 2548 novoe
579 2486 757 2563 oomoedi'ee,
779 2505 847 2549 oum
868 2491 973 2548 oontre
993 2485 1160 2564 regendum
1184 2483 1233 2559 eit,

103 2626 106 2636 ·
160 2588 384 2651 Alexandrinos
405 2588 504 2651 Pleuti
526 2591 711 2669 temporibus
731 2592 811 2670 epud
826 2591 977 2652 Romame
996 2589 1161 2672 quidquem
1182 2608 1234 2650 vu·

161 2690 263 2768 luieee,
285 2690 424 2774 quonium
446 2691 562 2752 Ennius
591 2692 716 2756 fortuoee
744 2693 858 2772 primus
879 2691 1091 2754 Alexandrinis
1112 2712 1233 2772 operum

160 2796 251 2858 dedit
301 2797 381 2873 Ergo
412 2793 437 2855 ei
468 2795 500 2856 id
532 2797 612 2877 quod
640 2797 857 2875 dieputevimue
882 2798 975 2858 hebet
1002 2796 1129 2876 epeoiom
1148 2797 1232 2872 reri,

159 2899 288 2961 Heoeloe
308 2899 420 2962 meutio
447 2919 508 2961 noe
529 2891 627 2962 eliene
656 2910 703 2964 eet
729 2920 748 2963 e
776 2899 897 2964 Greeoie
923 2919 1019 2962 uovee
1049 2901 1155 2963 eotetie
1184 2919 1234 2962 oo·

161 3002 295 3066 moediio.

244 3211 546 3295 Iuderoelioeie
574 3213 692 3275 subuleo
718 3232 809 3276 versu
831 3219 893 3276 856
917 3213 1053 3276 Cureulio
1082 3214 1231 3294 pereniter

68 3392 72 3397 η
95 3309 114 3339 ”
159 3314 302 3378 describit
321 3306 499 3394 συμπόσιον,
521 3318 600 3401 quod
623 3316 680 3379 eibi
703 3324 861 3396 perureret
882 3317 983 3382 mileez
1005 3316 1103 3380 ooneti
1126 3324 1158 3380 et
1179 3318 1230 3379 ed·

159 3417 223 3499 poti
245 3417 322 3481 teloe
343 3427 486 3499 pereunt,
514 3421 597 3503 prior
624 3420 697 3485 ieoit
717 3421 802 3485 mileo
824 3421 972 3485 vulturioe
993 3426 1144 3504 quettuor,
1165 3429 1229 3485 tem

97 3580 98 3591 ,
159 3520 315 3586 emendo:
1018 3577 1024 3586 .

65 3630 71 3639 '
201 3625 278 3688 teloo
304 3625 432 3706 erripio,
461 3628 570 3693 invoeo
597 3629 703 3691 ulmum
732 3650 826 3692 meam
849 3627 994 3695 uuuioom
1016 3628 1186 3693 Hereulem.

71 3737 74 3741 “
159 3749 220 3814 quo
240 3730 273 3791 iu
294 3749 384 3793 vereu
405 3731 550 3796 Heroulee
578 3753 650 3807 eene
678 3741 725 3797 eet
752 3739 896 3814 petronue
924 3733 1120 3814 peremturum
1142 3735 1229 3798 bibu-

157 3835 254 3897 lorum
276 3841 308 3898 et
329 3834 507 3914 sidenorum,
529 3858 628 3922 equo
650 3838 708 3918 ipei
730 3839 815 3923 queri
837 3859 857 3900 e
878 3838 993 3902 nutrito
1014 3841 1110 3904 multe
1130 3847 1161 3904 et
1182 3842 1228 3902 bi·

67 4002 69 4011 ,
157 3940 229 4000 bere
251 3944 283 4001 ot
302 3941 390 4002 edere
411 3941 585 4004 didioeruut.
628 3947 730 4023 Atque
750 3944 829 4006 bueo
857 3961 920 4004 rem
943 3943 1087 4006 Greeoum
1113 3944 1226 4007 fontem

157 4042 300 4121 redolere,
320 4042 392 4105 iude
412 4045 534 4125 rumpe,
556 4047 636 4129 quod
651 4046 828 4110 deeeribitur
841 4040 1023 4127 συμπόσιονς
1043 4048 1150 4110 deiude
1171 4067 1227 4109 eoo
