2800 4684
500 208 772 324 .-2-

140 406 311 470 comaediae
331 406 458 486 preditis
478 407 639 469 memoriae
669 409 728 470 hun
748 408 923 486 intellegere
945 405 1101 486 pessimus.
1146 405 1214 473 Qun
1304 402 1307 407 ’

137 512 173 573 in
194 530 317 573 numere
338 509 484 588 imprimis
506 511 632 573 Adultus
647 510 846 589 Kiesslingins
867 516 1042 589 praereptor
1062 511 1213 572 humanis·

137 615 231 676 sinum
251 613 448 675 nominandus
469 621 530 690 est,
555 615 606 697 qui
629 622 664 677 ut
685 615 757 675 ordo
778 613 1022 692 philosophorum
1045 613 1140 674 almae
1163 613 1213 675 lit·

136 723 267 781 uratum
288 717 493 781 universitatis
519 716 807 798 Gryphiswaidensis
828 717 1080 779 nummilitunibua
1101 736 1210 796 prepe-

136 828 225 884 neret
237 821 450 902 quaestionem,
473 841 533 905 qua
546 822 775 895 examinaretur,
797 820 869 903 quid
884 820 916 881 in
933 820 1033 882 Plauti
1049 820 1211 882 unmeediia

49 974 54 981 .
138 926 177 985 ad
198 926 399 986 Romanorum
421 944 531 1000 meres,
562 924 633 1006 quid
655 924 692 984 ad
716 924 894 1005 Graeeurum
918 924 1059 986 instituta
1079 923 1210 984 referen-

136 1028 207 1088 dum
229 1033 323 1102 aaut,
355 1045 427 1090 rere
448 1027 519 1088 anni
545 1031 624 1088 1880
646 1025 788 1105 pertenit,
817 1046 906 1106 quam
934 1027 972 1087 ad
1001 1026 1207 1108 quaestionem

138 1129 353 1193 instituendam
369 1130 585 1193 nummilite'nes
606 1118 738 1210 praemio
760 1128 858 1206 posite
881 1130 979 1193 venati
1000 1138 1080 1194 suut.
1125 1115 1206 1197 Qun·

137 1234 217 1296 niam
248 1240 312 1297 tum
339 1235 377 1296 sd
399 1235 477 1296 haue
504 1253 567 1296 rem
588 1251 744 1312 aggressus
773 1250 813 1294 ex
845 1254 880 1296 eu
903 1241 1038 1314 tempore
1069 1253 1105 1296 ea
1126 1240 1217 1305 tetus

135 1345 299 1418 neupatus
320 1359 395 1412 sum,
416 1340 472 1401 hun
493 1337 678 1400 intellexisse
700 1338 776 1399 mihi
797 1338 914 1415 videor,
945 1339 1013 1407 illus
1041 1339 1124 1401 virus
1146 1359 1207 1400 nen

133 1443 225 1529 plane
238 1447 319 1503 rente
333 1442 489 1520 judieasse,
505 1441 643 1522 quamvis
664 1446 778 1502 tantum
801 1442 881 1503 absit
901 1450 936 1504 ιιι
956 1440 1067 1503 iudinia
1086 1442 1206 1502 illerum

134 1546 303 1625 spernanda
326 1551 522 1618 uentemnam,
543 1550 578 1605 ut
598 1551 703 1606 annua
716 1544 846 1607 libenter
859 1528 1018 1608 uonuedam
1040 1564 1087 1606 me
1108 1543 1206 1623 prime

133 1649 275 1710 maluisse
294 1647 327 1707 in
342 1665 445 1708 surum
466 1652 561 1708 uestra
575 1647 713 1708 transire.
755 1647 813 1708 Sed
827 1668 1007 1730 quamquam
1027 1666 1137 1725 negare
1151 1666 1204 1707 ne·
1261 1629 1264 1635 ¹

132 1751 255 1831 quimus
276 1749 543 1823 unutamiuatinne,
576 1768 637 1830 qua
656 1770 743 1810 usum
765 1769 830 1811 esse
851 1749 990 1811 Plautum
1013 1769 1053 1810 ex
1073 1750 1206 1830 prologis

133 1851 321 1913 Terentianis
348 1850 526 1929 annipimus,
559 1852 697 1912 effoetum
727 1872 806 1927 esee,
834 1859 870 1914 ut
895 1860 986 1931 poeta
1015 1854 1138 1914 verbum
1168 1855 1205 1912 de

45 2014 51 2019 .
130 1956 226 2017 rerba
249 1973 422 2031 expressum
443 1954 551 2013 efferre
571 1971 633 2013 nun
654 1960 771 2032 posset,
804 1972 902 2035 neque
932 1973 987 2014 nee
1016 1954 1095 2030 fugit
1115 1954 1205 2013 Plau·
1313 1940 1316 1947 ’

31 2082 34 2088 “
130 2062 196 2118 snm
217 2074 255 2117 ea
275 2073 323 2131 re,
347 2056 425 2138 qued
447 2051 524 2128 λέξιν
546 2057 623 2116 bene
644 2054 800 2129 uastauit,
830 2074 890 2116 nun
913 2062 993 2116 erute
1015 2055 1204 2116 neniunetum

131 2178 197 2219 sess
216 2178 283 2220 uum
306 2158 426 2219 Graeeis
453 2158 691 2235 exemplaribus,
719 2165 819 2218 tamen
848 2160 885 2217 ab
915 2158 1015 2217 auimo
1044 2158 1204 2234 impetrere

129 2280 191 2323 nnn
212 2280 342 2338 pessum,
362 2266 398 2321 ut
417 2259 530 2322 indtier
551 2279 694 2321 summam
715 2259 948 2322 familiaritatem
970 2257 1100 2320 inveniri
1122 2257 1204 2319 inter

130 2364 269 2425 Plautum
291 2369 323 2424 et
343 2370 447 2441 poetas
467 2362 610 2437 Graeuue,
641 2364 721 2445 quud
742 2362 787 2423 illi
810 2368 1012 2440 negaverunt,
1040 2381 1108 2422 eum
1136 2380 1201 2421 eam

129 2466 209 2528 viam
230 2467 470 2544 ingrederentur,
506 2472 541 2527 nt
568 2471 736 2528 statuerent
764 2466 902 2528 Plautum
935 2485 1049 2525 summa
1079 2463 1202 2525 lieentia
1275 2525 1280 2534 ,

129 2591 217 2633 usum
236 2589 285 2632 res
298 2568 448 2630 Romanas
462 2566 582 2630 (iuuenis
602 2567 713 2629 tabulis
727 2568 897 2630 inseruisse.
941 2572 1041 2651 Atque
1063 2571 1098 2628 ut
1119 2566 1200 2627 aliud

129 2675 241 2735 flumen
263 2674 368 2733 dunem
390 2689 438 2731 me
459 2678 632 2752 sequentem
664 2673 700 2731 ad
724 2670 822 2732 >litora
843 2671 1000 2748 pervenire
1022 2688 1109 2747 pesse
1131 2688 1201 2731 een·

132 2795 236 2850 mem,
258 2773 340 2837 hisae
362 2773 459 2837 oensis
479 2780 632 2853 permotus
653 2792 728 2835 sum.
764 2771 897 2834 Primum
920 2771 1039 2854 quidem
1056 2771 1201 2833 Kiesslin·

131 2879 199 2956 gius
230 2897 278 2939 me
305 2876 408 2939 denuit
441 2895 482 2939 ex
515 2876 639 2955 prologo
668 2875 867 2937 Terentianae
900 2874 1036 2936 Euuuuhi
1069 2874 1199 2936 fruetum

131 2982 280 3062 quendem
302 2981 454 3041 abundare
482 2980 514 3039 iu
536 2986 668 3041 nestram
690 2978 947 3059 disquisitionem,
977 2996 1046 3038 nam
1069 2997 1135 3039 num
1156 2977 1200 3037 ibi

129 3083 264 3160 legamus
284 3102 335 3143 ees
349 3081 402 3163 qui
415 3081 557 3143 'ferentin
578 3080 757 3156 inviderent,
779 3080 891 3142 dixisse
911 3080 996 3141 iilum
1011 3080 1117 3154 furem,
1139 3100 1200 3140 uun

131 3193 251 3266 puetaru
266 3204 338 3261 sese,
359 3186 442 3246 iilam
465 3185 545 3246 enim
566 3184 697 3245 fabulam
713 3182 859 3245 Naevium
881 3191 912 3245 et
925 3184 1065 3245 Plautum
1086 3183 1202 3257 ieniseu,

129 3294 256 3367 apparet
274 3287 443 3350 Terentium
466 3295 498 3350 et
517 3287 656 3349 Plautum
678 3288 802 3348 audem
824 3287 953 3348 fabulum
969 3276 1201 3366 ⁴neustripeisse3

130 3397 222 3472 atque
250 3391 489 3472 quandoquidem
518 3390 594 3473 iilud
622 3389 755 3450 Terentii
786 3409 853 3450 uum
876 3390 983 3451 Plauto
1013 3391 1202 3469 nempnnitur
1333 3442 1335 3447 .
1376 3447 1379 3454 .

130 3500 223 3573 atque
244 3499 446 3570 eomparatur,
475 3501 506 3555 et
533 3493 614 3554 inter
635 3512 739 3552 omnes
768 3499 885 3552 nunstat
905 3490 1076 3550 Terentium
1099 3491 1201 3551 striute

56 3623 59 3631 ·
131 3593 261 3653 Graeeus
288 3598 421 3653 wantum
450 3612 531 3665 sese,
558 3593 658 3669 unlligi
688 3612 755 3652 mea
782 3592 902 3673 quidem
924 3591 1074 3652 sententia
1093 3598 1201 3669 petest,
1274 3672 1276 3677 Ι

132 3692 273 3750 Pinetum
294 3708 360 3750 nuru
383 3690 522 3749 Terentio
544 3693 683 3751 nullatum
712 3693 785 3751 item
807 3709 868 3750 nnn
890 3691 977 3751 valde
999 3690 1162 3750 declinasse
1184 3708 1203 3749 a

130 3787 307 3850 emeram
337 3785 504 3849 fabularum
533 3786 600 3849 flde.
660 3786 757 3855 Quam
785 3786 985 3866 suspiainnem
1014 3785 1081 3847 aliie
1112 3787 1202 3848 rebus

130 3892 250 3952 drmare
271 3895 303 3952 st
323 3890 451 3975 probare
472 3909 635 3968 pessumus,
657 3910 726 3950 uam
749 3890 774 3953 si
796 3891 829 3952 in
853 3890 1024 3951 Aululariae
1044 3889 1198 3951 vernile
1256 3881 1258 3885 ¹

73 4029 91 4064 .
129 3994 235 4056 Ειιοῑίο
256 4015 276 4054 a
294 3993 512 4074 spenteteribus
530 3993 623 4072 petit,
645 4000 680 4055 ut
700 3995 759 4055 sibi
780 3996 878 4056 iurem
900 3996 1112 4072 demonstrent,
1133 3993 1202 4056 tali·

129 4099 187 4162 nm
206 4096 328 4179 verkin
380 4134 382 4139 ·
659 4100 663 4108 '
