<?xml version="1.0" encoding="UTF-8"?>
<!DOCTYPE html PUBLIC "-//W3C//DTD XHTML 1.0 Transitional//EN"
    "http://www.w3.org/TR/xhtml1/DTD/xhtml1-transitional.dtd">
<html xmlns="http://www.w3.org/1999/xhtml" xml:lang="en" lang="en">
 <head>
  <title>
</title>
<meta http-equiv="Content-Type" content="text/html;charset=utf-8" />
  <meta name='ocr-system' content='tesseract 3.04.00' />
  <meta name='ocr-capabilities' content='ocr_page ocr_carea ocr_par ocr_line ocrx_word'/>
</head>
<body>
  <div class='ocr_page' id='page_1' title='image "./dehistoriafabul00ostegoog_0018.png"; bbox 0 0 2800 4684; ppageno 0'>
   <div class='ocr_carea' id='block_1_1' title="bbox 662 318 855 387">
    <p class='ocr_par' dir='ltr' id='par_1_1' title="bbox 662 318 855 387">
     <span class='ocr_line' id='line_1_1' title="bbox 662 318 855 387; baseline 0.005 -20"><span class='ocrx_word' id='word_1_1' title='bbox 662 318 855 387; x_wconf 73' lang='lat'><strong>‚5-</strong></span> 
     </span>
    </p>
   </div>
   <div class='ocr_carea' id='block_1_2' title="bbox 127 476 1366 1395">
    <p class='ocr_par' dir='ltr' id='par_1_2' title="bbox 127 476 1366 1395">
     <span class='ocr_line' id='line_1_2' title="bbox 222 476 1366 561; baseline -0.001 -22"><span class='ocrx_word' id='word_1_2' title='bbox 222 480 329 554; x_wconf 80' lang='lat' dir='ltr'><strong>addere</strong></span> <span class='ocrx_word' id='word_1_3' title='bbox 351 480 436 556; x_wconf 79' lang='lat' dir='ltr'><strong>volo,</strong></span> <span class='ocrx_word' id='word_1_4' title='bbox 465 499 504 541; x_wconf 86' lang='lat' dir='ltr'><strong>ex</strong></span> <span class='ocrx_word' id='word_1_5' title='bbox 526 496 589 559; x_wconf 82' lang='lat' dir='ltr'><strong>quo&#39;</strong></span> <span class='ocrx_word' id='word_1_6' title='bbox 608 479 774 540; x_wconf 88' lang='lat' dir='ltr'><strong>necessario</strong></span> <span class='ocrx_word' id='word_1_7' title='bbox 796 478 931 561; x_wconf 87' lang='lat' dir='ltr'><strong>sequitur</strong></span> <span class='ocrx_word' id='word_1_8' title='bbox 954 497 1043 560; x_wconf 92' lang='lat' dir='ltr'><strong>quam</strong></span> <span class='ocrx_word' id='word_1_9' title='bbox 1071 482 1152 539; x_wconf 87' lang='lat' dir='ltr'><strong>arcte</strong></span> <span class='ocrx_word' id='word_1_10' title='bbox 1174 476 1300 539; x_wconf 88' lang='lat' dir='ltr'><strong>coniun·</strong></span> <span class='ocrx_word' id='word_1_11' title='bbox 1364 543 1366 545; x_wconf 79' lang='lat'>.</span> 
     </span>
     <span class='ocr_line' id='line_1_3' title="bbox 223 581 1300 663; baseline -0.004 -17"><span class='ocrx_word' id='word_1_12' title='bbox 223 591 288 646; x_wconf 87' lang='lat' dir='ltr'><strong>otus</strong></span> <span class='ocrx_word' id='word_1_13' title='bbox 310 584 351 646; x_wconf 86' lang='lat' dir='ltr'><strong>sit</strong></span> <span class='ocrx_word' id='word_1_14' title='bbox 371 592 462 663; x_wconf 90' lang='lat' dir='ltr'><strong>poeta</strong></span> <span class='ocrx_word' id='word_1_15' title='bbox 483 585 594 645; x_wconf 83' lang='lat' dir='ltr'>Umber</span> <span class='ocrx_word' id='word_1_16' title='bbox 615 604 680 644; x_wconf 91' lang='lat' dir='ltr'><strong>cum</strong></span> <span class='ocrx_word' id='word_1_17' title='bbox 697 583 817 645; x_wconf 81' lang='lat' dir='ltr'><strong>Graecis</strong></span> <span class='ocrx_word' id='word_1_18' title='bbox 840 581 1069 662; x_wconf 77' lang='lat' dir='ltr'><strong>exemplaribus.</strong></span> <span class='ocrx_word' id='word_1_19' title='bbox 1110 582 1147 643; x_wconf 94' lang='lat' dir='ltr'><strong>In</strong></span> <span class='ocrx_word' id='word_1_20' title='bbox 1170 581 1300 642; x_wconf 88' lang='lat' dir='ltr'><strong>Poenuli</strong></span> 
     </span>
     <span class='ocr_line' id='line_1_4' title="bbox 169 680 1300 768; baseline 0.002 -21"><span class='ocrx_word' id='word_1_21' title='bbox 169 680 172 691; x_wconf 58' lang='lat'><strong><em>⁴</em></strong></span> <span class='ocrx_word' id='word_1_22' title='bbox 219 687 339 750; x_wconf 70' lang='lat' dir='ltr'><strong>fabullae</strong></span> <span class='ocrx_word' id='word_1_23' title='bbox 361 709 450 750; x_wconf 85' lang='lat' dir='ltr'><strong>versu</strong></span> <span class='ocrx_word' id='word_1_24' title='bbox 472 695 534 749; x_wconf 80' lang='lat'><strong>648</strong></span> <span class='ocrx_word' id='word_1_25' title='bbox 550 687 734 750; x_wconf 80' lang='lat' dir='ltr'><strong>(lollsbiscus</strong></span> <span class='ocrx_word' id='word_1_26' title='bbox 756 691 793 749; x_wconf 87' lang='lat' dir='ltr'><strong>ad</strong></span> <span class='ocrx_word' id='word_1_27' title='bbox 817 693 998 768; x_wconf 71' lang='lat' dir='ltr'><strong>spectatores</strong></span> <span class='ocrx_word' id='word_1_28' title='bbox 1020 707 1183 749; x_wconf 77' lang='lat' dir='ltr'><strong>conversus</strong></span> <span class='ocrx_word' id='word_1_29' title='bbox 1205 688 1300 749; x_wconf 86' lang='lat' dir='ltr'><strong>advo·</strong></span> 
     </span>
     <span class='ocr_line' id='line_1_5' title="bbox 127 789 1299 876; baseline -0.002 -23"><span class='ocrx_word' id='word_1_30' title='bbox 127 856 129 862; x_wconf 24' lang='lat'><strong>⁴</strong></span> <span class='ocrx_word' id='word_1_31' title='bbox 222 802 304 855; x_wconf 87' lang='lat' dir='ltr'><strong>catos</strong></span> <span class='ocrx_word' id='word_1_32' title='bbox 326 793 443 855; x_wconf 85' lang='lat' dir='ltr'><strong>confert</strong></span> <span class='ocrx_word' id='word_1_33' title='bbox 471 813 537 854; x_wconf 91' lang='lat' dir='ltr'><strong>oum</strong></span> <span class='ocrx_word' id='word_1_34' title='bbox 561 793 685 855; x_wconf 87' lang='lat' dir='ltr'><strong>canibus</strong></span> <span class='ocrx_word' id='word_1_35' title='bbox 714 793 766 876; x_wconf 92' lang='lat' dir='ltr'><strong>qui</strong></span> <span class='ocrx_word' id='word_1_36' title='bbox 795 793 900 872; x_wconf 90' lang='lat' dir='ltr'><strong>lupum</strong></span> <span class='ocrx_word' id='word_1_37' title='bbox 926 792 959 853; x_wconf 92' lang='lat' dir='ltr'><strong>in</strong></span> <span class='ocrx_word' id='word_1_38' title='bbox 981 792 1083 871; x_wconf 83' lang='lat' dir='ltr'><strong>plagas</strong></span> <span class='ocrx_word' id='word_1_39' title='bbox 1106 789 1299 870; x_wconf 86' lang='lat' dir='ltr'><strong>compellant,</strong></span> 
     </span>
     <span class='ocr_line' id='line_1_6' title="bbox 220 897 754 960; baseline -0.004 0"><span class='ocrx_word' id='word_1_40' title='bbox 220 897 273 960; x_wconf 77' lang='lat' dir='ltr'><strong>tali</strong></span> <span class='ocrx_word' id='word_1_41' title='bbox 297 899 403 959; x_wconf 83' lang='lat' dir='ltr'><strong>modo:</strong></span> <span class='ocrx_word' id='word_1_42' title='bbox 752 914 754 917; x_wconf 84' lang='grc'><strong><em>·</em></strong></span> 
     </span>
     <span class='ocr_line' id='line_1_7' title="bbox 350 1001 1290 1082; baseline -0.001 -19"><span class='ocrx_word' id='word_1_43' title='bbox 350 1002 422 1063; x_wconf 79' lang='lat' dir='ltr'><strong>(lum</strong></span> <span class='ocrx_word' id='word_1_44' title='bbox 453 1003 563 1082; x_wconf 88' lang='lat' dir='ltr'><strong>praeda</strong></span> <span class='ocrx_word' id='word_1_45' title='bbox 581 1002 641 1064; x_wconf 79' lang='lat' dir='ltr'><strong>hic</strong></span> <span class='ocrx_word' id='word_1_46' title='bbox 670 1002 760 1064; x_wconf 91' lang='lat' dir='ltr'><strong>hodie</strong></span> <span class='ocrx_word' id='word_1_47' title='bbox 790 1001 903 1065; x_wconf 80' lang='lat' dir='ltr'>incedit</span> <span class='ocrx_word' id='word_1_48' title='bbox 931 1006 1056 1063; x_wconf 89' lang='lat' dir='ltr'><strong>venator</strong></span> <span class='ocrx_word' id='word_1_49' title='bbox 1072 1002 1222 1078; x_wconf 75' lang='lat' dir='ltr'><strong>&#39;domum3</strong></span> <span class='ocrx_word' id='word_1_50' title='bbox 1288 1066 1290 1069; x_wconf 63' lang='grc'>,</span> 
     </span>
     <span class='ocr_line' id='line_1_8' title="bbox 349 1103 1137 1185; baseline 0 -19"><span class='ocrx_word' id='word_1_51' title='bbox 349 1125 438 1166; x_wconf 85' lang='lat' dir='ltr'><strong>canes</strong></span> <span class='ocrx_word' id='word_1_52' title='bbox 461 1104 644 1185; x_wconf 89' lang='lat' dir='ltr'><strong>compellunt</strong></span> <span class='ocrx_word' id='word_1_53' title='bbox 670 1108 701 1166; x_wconf 91' lang='lat' dir='ltr'><strong>in</strong></span> <span class='ocrx_word' id='word_1_54' title='bbox 724 1107 828 1185; x_wconf 81' lang='lat' dir='ltr'><strong>plagas</strong></span> <span class='ocrx_word' id='word_1_55' title='bbox 854 1105 954 1184; x_wconf 90' lang='lat' dir='ltr'><strong>lepide</strong></span> <span class='ocrx_word' id='word_1_56' title='bbox 976 1103 1137 1185; x_wconf 89' lang='lat' dir='ltr'><strong>lupum¹),</strong></span> 
     </span>
     <span class='ocr_line' id='line_1_9' title="bbox 220 1198 1296 1292; baseline 0.001 -21"><span class='ocrx_word' id='word_1_57' title='bbox 220 1230 308 1292; x_wconf 89' lang='lat' dir='ltr'><strong>quem</strong></span> <span class='ocrx_word' id='word_1_58' title='bbox 335 1209 439 1287; x_wconf 90' lang='lat' dir='ltr'><strong>lupum</strong></span> <span class='ocrx_word' id='word_1_59' title='bbox 470 1208 583 1287; x_wconf 82' lang='lat' dir='ltr'><strong>Lycum</strong></span> <span class='ocrx_word' id='word_1_60' title='bbox 605 1198 743 1270; x_wconf 86' lang='lat' dir='ltr'><strong>lenonem</strong></span> <span class='ocrx_word' id='word_1_61' title='bbox 776 1228 840 1271; x_wconf 92' lang='lat' dir='ltr'><strong>esse</strong></span> <span class='ocrx_word' id='word_1_62' title='bbox 869 1230 909 1270; x_wconf 89' lang='lat' dir='ltr'><strong>ex</strong></span> <span class='ocrx_word' id='word_1_63' title='bbox 930 1209 1047 1288; x_wconf 81' lang='lat' dir='ltr'><strong>integra</strong></span> <span class='ocrx_word' id='word_1_64' title='bbox 1076 1229 1166 1271; x_wconf 87' lang='lat' dir='ltr'><strong>scena</strong></span> <span class='ocrx_word' id='word_1_65' title='bbox 1186 1209 1296 1272; x_wconf 86' lang='lat' dir='ltr'><strong>elucet</strong></span> 
     </span>
     <span class='ocr_line' id='line_1_10' title="bbox 220 1313 1297 1395; baseline 0.001 -20"><span class='ocrx_word' id='word_1_66' title='bbox 220 1313 287 1381; x_wconf 78' lang='lat' dir='ltr'><strong>Qua</strong></span> <span class='ocrx_word' id='word_1_67' title='bbox 316 1333 355 1374; x_wconf 84' lang='lat' dir='ltr'><strong>ex</strong></span> <span class='ocrx_word' id='word_1_68' title='bbox 376 1333 409 1376; x_wconf 85' lang='lat' dir='ltr'><strong>re</strong></span> <span class='ocrx_word' id='word_1_69' title='bbox 431 1313 634 1393; x_wconf 81' lang='lat' dir='ltr'><strong>intellegimus</strong></span> <span class='ocrx_word' id='word_1_70' title='bbox 664 1315 694 1375; x_wconf 89' lang='lat' dir='ltr'><strong>in</strong></span> <span class='ocrx_word' id='word_1_71' title='bbox 719 1313 831 1376; x_wconf 85' lang='lat' dir='ltr'><strong>Graeca</strong></span> <span class='ocrx_word' id='word_1_72' title='bbox 858 1314 960 1376; x_wconf 86' lang='lat' dir='ltr'><strong>fabula</strong></span> <span class='ocrx_word' id='word_1_73' title='bbox 987 1319 1105 1395; x_wconf 86' lang='lat' dir='ltr'><strong>poetam</strong></span> <span class='ocrx_word' id='word_1_74' title='bbox 1127 1314 1232 1376; x_wconf 87' lang='lat' dir='ltr'><strong>lusisse</strong></span> <span class='ocrx_word' id='word_1_75' title='bbox 1264 1315 1297 1376; x_wconf 92' lang='lat' dir='ltr'><strong>in</strong></span> 
     </span>
    </p>
   </div>
   <div class='ocr_carea' id='block_1_3' title="bbox 94 1411 1299 1507">
    <p class='ocr_par' dir='ltr' id='par_1_3' title="bbox 94 1411 1299 1507">
     <span class='ocr_line' id='line_1_11' title="bbox 94 1411 1299 1507; baseline 0.001 -27"><span class='ocrx_word' id='word_1_76' title='bbox 94 1414 96 1420; x_wconf 46' lang='lat'><strong>⁴</strong></span> <span class='ocrx_word' id='word_1_77' title='bbox 218 1419 339 1480; x_wconf 90' lang='lat' dir='ltr'><strong>nomine</strong></span> <span class='ocrx_word' id='word_1_78' title='bbox 367 1418 485 1480; x_wconf 91' lang='lat' dir='ltr'><strong>lenonis</strong></span> <span class='ocrx_word' id='word_1_79' title='bbox 513 1411 624 1507; x_wconf 72' lang='grc' dir='ltr'><strong>ΛύκουΙ</strong></span> <span class='ocrx_word' id='word_1_80' title='bbox 654 1424 744 1501; x_wconf 89' lang='lat' dir='ltr'><strong>atque</strong></span> <span class='ocrx_word' id='word_1_81' title='bbox 775 1419 806 1479; x_wconf 92' lang='lat' dir='ltr'><strong>in</strong></span> <span class='ocrx_word' id='word_1_82' title='bbox 830 1439 866 1479; x_wconf 85' lang='lat' dir='ltr'><strong>ea</strong></span> <span class='ocrx_word' id='word_1_83' title='bbox 885 1419 982 1480; x_wconf 87' lang='lat' dir='ltr'><strong>bestia</strong></span> <span class='ocrx_word' id='word_1_84' title='bbox 1004 1419 1087 1481; x_wconf 86' lang='lat' dir='ltr'><strong>cuius</strong></span> <span class='ocrx_word' id='word_1_85' title='bbox 1109 1440 1217 1480; x_wconf 89' lang='lat' dir='ltr'><strong>nomen</strong></span> <span class='ocrx_word' id='word_1_86' title='bbox 1249 1426 1299 1481; x_wconf 88' lang='lat' dir='ltr'><strong>est</strong></span> 
     </span>
    </p>
   </div>
   <div class='ocr_carea' id='block_1_4' title="bbox 217 1513 1299 1705">
    <p class='ocr_par' dir='ltr' id='par_1_4' title="bbox 217 1513 1299 1705">
     <span class='ocr_line' id='line_1_12' title="bbox 218 1513 1299 1606; baseline 0.004 -25"><span class='ocrx_word' id='word_1_87' title='bbox 218 1513 318 1593; x_wconf 79' lang='grc' dir='ltr'><strong><em>λύκος.</em></strong></span> <span class='ocrx_word' id='word_1_88' title='bbox 363 1520 450 1588; x_wconf 82' lang='lat' dir='ltr'><strong>Quod</strong></span> <span class='ocrx_word' id='word_1_89' title='bbox 469 1522 593 1584; x_wconf 86' lang='lat' dir='ltr'><strong>Plautus</strong></span> <span class='ocrx_word' id='word_1_90' title='bbox 612 1521 729 1585; x_wconf 85' lang='lat' dir='ltr'><strong>invenit</strong></span> <span class='ocrx_word' id='word_1_91' title='bbox 760 1527 852 1605; x_wconf 78' lang='lat' dir='ltr'><strong>atqde</strong></span> <span class='ocrx_word' id='word_1_92' title='bbox 873 1522 1027 1584; x_wconf 76' lang='lat' dir='ltr'><strong>transtulit</strong></span> <span class='ocrx_word' id='word_1_93' title='bbox 1047 1542 1145 1606; x_wconf 89' lang='lat' dir='ltr'><strong>neque</strong></span> <span class='ocrx_word' id='word_1_94' title='bbox 1166 1523 1299 1585; x_wconf 68' lang='lat' dir='ltr'><strong>munuc</strong></span> 
     </span>
     <span class='ocr_line' id='line_1_13' title="bbox 217 1618 1297 1705; baseline 0.002 -19"><span class='ocrx_word' id='word_1_95' title='bbox 217 1626 292 1687; x_wconf 91' lang='lat' dir='ltr'><strong>illud</strong></span> <span class='ocrx_word' id='word_1_96' title='bbox 322 1646 431 1687; x_wconf 89' lang='lat' dir='ltr'><strong>nomen</strong></span> <span class='ocrx_word' id='word_1_97' title='bbox 453 1626 570 1686; x_wconf 88' lang='lat' dir='ltr'><strong>lenonis</strong></span> <span class='ocrx_word' id='word_1_98' title='bbox 600 1628 650 1687; x_wconf 91' lang='lat' dir='ltr'><strong>sed</strong></span> <span class='ocrx_word' id='word_1_99' title='bbox 680 1618 774 1685; x_wconf 78' lang='grc' dir='ltr'><strong><em>λύκου</em></strong></span> <span class='ocrx_word' id='word_1_100' title='bbox 796 1626 978 1687; x_wconf 87' lang='lat' dir='ltr'><strong>mentionem</strong></span> <span class='ocrx_word' id='word_1_101' title='bbox 1000 1627 1114 1705; x_wconf 86' lang='lat' dir='ltr'><strong>recepit</strong></span> <span class='ocrx_word' id='word_1_102' title='bbox 1139 1647 1205 1687; x_wconf 89' lang='lat' dir='ltr'><strong>cum</strong></span> <span class='ocrx_word' id='word_1_103' title='bbox 1226 1646 1297 1688; x_wconf 78' lang='lat' dir='ltr'><strong>ver·</strong></span> 
     </span>
    </p>
   </div>
   <div class='ocr_carea' id='block_1_5' title="bbox 96 1728 1298 1820">
    <p class='ocr_par' dir='ltr' id='par_1_5' title="bbox 96 1728 1298 1820">
     <span class='ocr_line' id='line_1_14' title="bbox 96 1728 1298 1820; baseline 0.002 -31"><span class='ocrx_word' id='word_1_104' title='bbox 96 1742 97 1745; x_wconf 75' lang='grc'>’</span> <span class='ocrx_word' id='word_1_105' title='bbox 217 1734 296 1789; x_wconf 89' lang='lat' dir='ltr'><strong>teret</strong></span> <span class='ocrx_word' id='word_1_106' title='bbox 323 1729 442 1806; x_wconf 87' lang='lat' dir='ltr'><strong>lupum,</strong></span> <span class='ocrx_word' id='word_1_107' title='bbox 481 1728 538 1808; x_wconf 71' lang='lat' dir='ltr'><strong>qui,</strong></span> <span class='ocrx_word' id='word_1_108' title='bbox 562 1729 644 1789; x_wconf 86' lang='lat' dir='ltr'><strong>iocus</strong></span> <span class='ocrx_word' id='word_1_109' title='bbox 671 1728 703 1786; x_wconf 93' lang='lat' dir='ltr'><strong>in</strong></span> <span class='ocrx_word' id='word_1_110' title='bbox 734 1729 837 1804; x_wconf 84' lang='lat' dir='ltr'><strong>lingua</strong></span> <span class='ocrx_word' id='word_1_111' title='bbox 863 1729 972 1820; x_wconf 80' lang='lat' dir='ltr'><strong>Latina</strong></span> <span class='ocrx_word' id='word_1_112' title='bbox 1000 1729 1087 1790; x_wconf 89' lang='lat' dir='ltr'><strong>valde</strong></span> <span class='ocrx_word' id='word_1_113' title='bbox 1114 1728 1236 1791; x_wconf 78' lang='lat' dir='ltr'><strong>vacillat</strong></span> <span class='ocrx_word' id='word_1_114' title='bbox 1264 1736 1298 1791; x_wconf 85' lang='lat' dir='ltr'><strong>et</strong></span> 
     </span>
    </p>
   </div>
   <div class='ocr_carea' id='block_1_6' title="bbox 216 1830 1299 2526">
    <p class='ocr_par' dir='ltr' id='par_1_6' title="bbox 216 1830 1299 2526">
     <span class='ocr_line' id='line_1_15' title="bbox 218 1830 1296 1911; baseline -0.001 -20"><span class='ocrx_word' id='word_1_115' title='bbox 218 1830 372 1905; x_wconf 87' lang='lat' dir='ltr'><strong>claudicat,</strong></span> <span class='ocrx_word' id='word_1_116' title='bbox 401 1850 488 1911; x_wconf 92' lang='lat' dir='ltr'><strong>quam</strong></span> <span class='ocrx_word' id='word_1_117' title='bbox 520 1831 557 1891; x_wconf 95' lang='lat' dir='ltr'><strong>ob</strong></span> <span class='ocrx_word' id='word_1_118' title='bbox 579 1851 641 1891; x_wconf 88' lang='lat' dir='ltr'><strong>rem</strong></span> <span class='ocrx_word' id='word_1_119' title='bbox 670 1831 729 1890; x_wconf 89' lang='lat' dir='ltr'><strong>iam</strong></span> <span class='ocrx_word' id='word_1_120' title='bbox 752 1832 914 1891; x_wconf 78' lang='lat' dir='ltr'><strong>Lambinus</strong></span> <span class='ocrx_word' id='word_1_121' title='bbox 937 1831 1060 1891; x_wconf 90' lang='lat' dir='ltr'><strong>nimium</strong></span> <span class='ocrx_word' id='word_1_122' title='bbox 1084 1830 1212 1909; x_wconf 83' lang='lat' dir='ltr'><strong>diligens</strong></span> <span class='ocrx_word' id='word_1_123' title='bbox 1233 1831 1296 1911; x_wconf 86' lang='lat' dir='ltr'><strong>Ly·</strong></span> 
     </span>
     <span class='ocr_line' id='line_1_16' title="bbox 217 1933 1296 2015; baseline 0.003 -22"><span class='ocrx_word' id='word_1_124' title='bbox 217 1954 284 1993; x_wconf 89' lang='lat' dir='ltr'><strong>cum</strong></span> <span class='ocrx_word' id='word_1_125' title='bbox 306 1933 434 1993; x_wconf 88' lang='lat' dir='ltr'><strong>inseruit</strong></span> <span class='ocrx_word' id='word_1_126' title='bbox 456 1952 509 2011; x_wconf 91' lang='lat' dir='ltr'><strong>pro</strong></span> <span class='ocrx_word' id='word_1_127' title='bbox 532 1934 613 2011; x_wconf 90' lang='lat' dir='ltr'><strong>lupo.</strong></span> <span class='ocrx_word' id='word_1_128' title='bbox 656 1934 714 1992; x_wconf 82' lang='lat' dir='ltr'><strong>Sed</strong></span> <span class='ocrx_word' id='word_1_129' title='bbox 737 1936 947 2015; x_wconf 87' lang='lat' dir='ltr'><strong>quoquomodo</strong></span> <span class='ocrx_word' id='word_1_130' title='bbox 977 1954 1025 1994; x_wconf 90' lang='lat' dir='ltr'><strong>res</strong></span> <span class='ocrx_word' id='word_1_131' title='bbox 1047 1953 1079 1996; x_wconf 89' lang='lat' dir='ltr'><strong>se</strong></span> <span class='ocrx_word' id='word_1_132' title='bbox 1101 1936 1206 2009; x_wconf 88' lang='lat' dir='ltr'><strong>habet,</strong></span> <span class='ocrx_word' id='word_1_133' title='bbox 1238 1955 1296 2009; x_wconf 83' lang='lat' dir='ltr'><strong>uos</strong></span> 
     </span>
     <span class='ocr_line' id='line_1_17' title="bbox 217 2028 1296 2114; baseline 0.005 -20"><span class='ocrx_word' id='word_1_134' title='bbox 217 2042 332 2096; x_wconf 89' lang='lat' dir='ltr'><strong>mutare</strong></span> <span class='ocrx_word' id='word_1_135' title='bbox 363 2037 440 2095; x_wconf 90' lang='lat' dir='ltr'><strong>hanc</strong></span> <span class='ocrx_word' id='word_1_136' title='bbox 467 2034 623 2095; x_wconf 87' lang='lat' dir='ltr'><strong>lectionem</strong></span> <span class='ocrx_word' id='word_1_137' title='bbox 654 2055 715 2096; x_wconf 90' lang='lat' dir='ltr'><strong>nou</strong></span> <span class='ocrx_word' id='word_1_138' title='bbox 739 2036 785 2096; x_wconf 84' lang='lat' dir='ltr'><strong>fas</strong></span> <span class='ocrx_word' id='word_1_139' title='bbox 808 2044 868 2110; x_wconf 88' lang='lat' dir='ltr'><strong>est,</strong></span> <span class='ocrx_word' id='word_1_140' title='bbox 898 2056 964 2097; x_wconf 91' lang='lat' dir='ltr'><strong>cum</strong></span> <span class='ocrx_word' id='word_1_141' title='bbox 994 2036 1064 2096; x_wconf 90' lang='lat' dir='ltr'><strong>indo</strong></span> <span class='ocrx_word' id='word_1_142' title='bbox 1078 2028 1296 2114; x_wconf 56' lang='lat' dir='ltr'><strong>‘intelligamus</strong></span> 
     </span>
     <span class='ocr_line' id='line_1_18' title="bbox 216 2119 1295 2214; baseline 0.001 -14"><span class='ocrx_word' id='word_1_143' title='bbox 216 2119 356 2200; x_wconf 87' lang='lat' dir='ltr'><strong>Plautum</strong></span> <span class='ocrx_word' id='word_1_144' title='bbox 379 2139 421 2199; x_wconf 86' lang='lat' dir='ltr'><strong>ita</strong></span> <span class='ocrx_word' id='word_1_145' title='bbox 442 2137 578 2214; x_wconf 78' lang='lat' dir='ltr'><strong>vestigiis</strong></span> <span class='ocrx_word' id='word_1_146' title='bbox 600 2157 695 2199; x_wconf 85' lang='lat' dir='ltr'><strong>novae</strong></span> <span class='ocrx_word' id='word_1_147' title='bbox 718 2139 888 2204; x_wconf 74' lang='lat' dir='ltr'><strong>comoediae¹</strong></span> <span class='ocrx_word' id='word_1_148' title='bbox 908 2137 1068 2214; x_wconf 82' lang='lat' dir='ltr'><strong>institisse,</strong></span> <span class='ocrx_word' id='word_1_149' title='bbox 1094 2146 1128 2201; x_wconf 90' lang='lat' dir='ltr'><strong>nt</strong></span> <span class='ocrx_word' id='word_1_150' title='bbox 1150 2138 1295 2201; x_wconf 86' lang='lat' dir='ltr'><strong>Graecam</strong></span> 
     </span>
     <span class='ocr_line' id='line_1_19' title="bbox 217 2239 1295 2321; baseline 0.004 -22"><span class='ocrx_word' id='word_1_151' title='bbox 217 2240 315 2300; x_wconf 89' lang='lat' dir='ltr'><strong>iocum</strong></span> <span class='ocrx_word' id='word_1_152' title='bbox 338 2241 404 2319; x_wconf 88' lang='lat' dir='ltr'><strong>ipsa</strong></span> <span class='ocrx_word' id='word_1_153' title='bbox 426 2239 530 2301; x_wconf 84' lang='lat' dir='ltr'><strong>Graeci</strong></span> <span class='ocrx_word' id='word_1_154' title='bbox 553 2247 659 2319; x_wconf 84' lang='lat' dir='ltr'><strong>poetae</strong></span> <span class='ocrx_word' id='word_1_155' title='bbox 681 2243 774 2301; x_wconf 85' lang='lat' dir='ltr'><strong>verba</strong></span> <span class='ocrx_word' id='word_1_156' title='bbox 795 2241 1014 2303; x_wconf 81' lang='lat' dir='ltr'><strong>accuratissime</strong></span> <span class='ocrx_word' id='word_1_157' title='bbox 1036 2247 1156 2303; x_wconf 89' lang='lat' dir='ltr'><strong>secutus</strong></span> <span class='ocrx_word' id='word_1_158' title='bbox 1177 2244 1295 2321; x_wconf 84' lang='lat' dir='ltr'><strong>proler-</strong></span> 
     </span>
     <span class='ocr_line' id='line_1_20' title="bbox 216 2325 1293 2429; baseline 0.004 -28"><span class='ocrx_word' id='word_1_159' title='bbox 216 2347 263 2402; x_wconf 88' lang='lat' dir='ltr'><strong>ret</strong></span> <span class='ocrx_word' id='word_1_160' title='bbox 284 2348 374 2424; x_wconf 88' lang='lat' dir='ltr'><strong>atque</strong></span> <span class='ocrx_word' id='word_1_161' title='bbox 404 2361 440 2402; x_wconf 89' lang='lat' dir='ltr'><strong>ea</strong></span> <span class='ocrx_word' id='word_1_162' title='bbox 468 2361 501 2401; x_wconf 92' lang='lat' dir='ltr'><strong>re</strong></span> <span class='ocrx_word' id='word_1_163' title='bbox 523 2325 719 2403; x_wconf 80' lang='lat' dir='ltr'><strong>obscuraret·</strong></span> <span class='ocrx_word' id='word_1_164' title='bbox 749 2344 908 2404; x_wconf 86' lang='lat' dir='ltr'><strong>Praeterea</strong></span> <span class='ocrx_word' id='word_1_165' title='bbox 929 2352 1028 2429; x_wconf 86' lang='lat' dir='ltr'><strong>antem</strong></span> <span class='ocrx_word' id='word_1_166' title='bbox 1049 2344 1100 2405; x_wconf 91' lang='lat' dir='ltr'><strong>hic</strong></span> <span class='ocrx_word' id='word_1_167' title='bbox 1120 2363 1225 2406; x_wconf 77' lang='lat' dir='ltr'><strong>vorsus</strong></span> <span class='ocrx_word' id='word_1_168' title='bbox 1246 2345 1293 2405; x_wconf 90' lang='lat' dir='ltr'><strong>di·</strong></span> 
     </span>
     <span class='ocr_line' id='line_1_21' title="bbox 217 2444 1299 2526; baseline 0.004 -23"><span class='ocrx_word' id='word_1_169' title='bbox 217 2464 295 2522; x_wconf 76' lang='lat' dir='ltr'><strong>gnus</strong></span> <span class='ocrx_word' id='word_1_170' title='bbox 316 2451 363 2505; x_wconf 87' lang='lat' dir='ltr'><strong>ost</strong></span> <span class='ocrx_word' id='word_1_171' title='bbox 384 2445 436 2526; x_wconf 92' lang='lat' dir='ltr'><strong>qui</strong></span> <span class='ocrx_word' id='word_1_172' title='bbox 452 2444 662 2522; x_wconf 88' lang='lat' dir='ltr'><strong>conspiciatur,</strong></span> <span class='ocrx_word' id='word_1_173' title='bbox 682 2464 751 2504; x_wconf 90' lang='lat' dir='ltr'><strong>nam</strong></span> <span class='ocrx_word' id='word_1_174' title='bbox 774 2463 809 2504; x_wconf 89' lang='lat' dir='ltr'><strong>eo</strong></span> <span class='ocrx_word' id='word_1_175' title='bbox 830 2445 971 2506; x_wconf 84' lang='lat' dir='ltr'><strong>certiores</strong></span> <span class='ocrx_word' id='word_1_176' title='bbox 992 2446 1062 2507; x_wconf 79' lang='lat' dir='ltr'><strong>facti</strong></span> <span class='ocrx_word' id='word_1_177' title='bbox 1086 2467 1186 2507; x_wconf 89' lang='lat' dir='ltr'><strong>sumus</strong></span> <span class='ocrx_word' id='word_1_178' title='bbox 1201 2447 1299 2507; x_wconf 87' lang='lat' dir='ltr'><strong>etiam</strong></span> 
     </span>
    </p>
   </div>
   <div class='ocr_carea' id='block_1_7' title="bbox 167 2546 1293 2629">
    <p class='ocr_par' dir='ltr' id='par_1_7' title="bbox 167 2546 1293 2629">
     <span class='ocr_line' id='line_1_22' title="bbox 167 2546 1293 2629; baseline 0.004 -23"><span class='ocrx_word' id='word_1_179' title='bbox 167 2592 170 2597; x_wconf 49' lang='lat'>&gt;</span> <span class='ocrx_word' id='word_1_180' title='bbox 216 2546 337 2607; x_wconf 90' lang='lat' dir='ltr'><strong>nomina</strong></span> <span class='ocrx_word' id='word_1_181' title='bbox 365 2566 558 2626; x_wconf 88' lang='lat' dir='ltr'><strong>personarum</strong></span> <span class='ocrx_word' id='word_1_182' title='bbox 588 2547 648 2607; x_wconf 86' lang='lat' dir='ltr'><strong>nou&#39;</strong></span> <span class='ocrx_word' id='word_1_183' title='bbox 678 2566 839 2629; x_wconf 88' lang='lat' dir='ltr'><strong>numquam</strong></span> <span class='ocrx_word' id='word_1_184' title='bbox 869 2567 887 2607; x_wconf 87' lang='lat' dir='ltr'><strong>a</strong></span> <span class='ocrx_word' id='word_1_185' title='bbox 917 2547 1023 2611; x_wconf 89' lang='lat' dir='ltr'><strong>Plauto</strong></span> <span class='ocrx_word' id='word_1_186' title='bbox 1052 2549 1197 2611; x_wconf 86' lang='lat' dir='ltr'><strong>translata</strong></span> <span class='ocrx_word' id='word_1_187' title='bbox 1225 2569 1293 2611; x_wconf 87' lang='lat' dir='ltr'><strong>esse</strong></span> 
     </span>
    </p>
   </div>
   <div class='ocr_carea' id='block_1_8' title="bbox 215 2649 1290 2825">
    <p class='ocr_par' dir='ltr' id='par_1_8' title="bbox 215 2649 1290 2825">
     <span class='ocr_line' id='line_1_23' title="bbox 215 2649 1181 2729; baseline 0 -21"><span class='ocrx_word' id='word_1_188' title='bbox 215 2669 255 2708; x_wconf 87' lang='lat' dir='ltr'><strong>ex</strong></span> <span class='ocrx_word' id='word_1_189' title='bbox 277 2649 396 2710; x_wconf 83' lang='lat' dir='ltr'><strong>Graecis</strong></span> <span class='ocrx_word' id='word_1_190' title='bbox 417 2649 536 2709; x_wconf 82' lang='lat' dir='ltr'><strong>fabulis.</strong></span> <span class='ocrx_word' id='word_1_191' title='bbox 1178 2719 1181 2729; x_wconf 33' lang='grc' dir='ltr'><strong><em>Ι</em></strong></span> 
     </span>
     <span class='ocr_line' id='line_1_24' title="bbox 302 2736 1290 2825; baseline 0.006 -21"><span class='ocrx_word' id='word_1_192' title='bbox 302 2748 408 2825; x_wconf 88' lang='lat' dir='ltr'><strong>Itaque</strong></span> <span class='ocrx_word' id='word_1_193' title='bbox 431 2765 498 2806; x_wconf 90' lang='lat' dir='ltr'><strong>oum</strong></span> <span class='ocrx_word' id='word_1_194' title='bbox 518 2746 592 2806; x_wconf 80' lang='lat' dir='ltr'><strong>haec</strong></span> <span class='ocrx_word' id='word_1_195' title='bbox 615 2747 714 2805; x_wconf 90' lang='lat' dir='ltr'><strong>omnia</strong></span> <span class='ocrx_word' id='word_1_196' title='bbox 736 2736 971 2822; x_wconf 77' lang='lat' dir='ltr'><strong>consideremus,</strong></span> <span class='ocrx_word' id='word_1_197' title='bbox 1002 2767 1103 2809; x_wconf 89' lang='lat' dir='ltr'><strong>nonne</strong></span> <span class='ocrx_word' id='word_1_198' title='bbox 1126 2752 1290 2810; x_wconf 86' lang='lat' dir='ltr'><strong>concedere</strong></span> 
     </span>
    </p>
   </div>
   <div class='ocr_carea' id='block_1_9' title="bbox 113 2846 1290 3555">
    <p class='ocr_par' dir='ltr' id='par_1_9' title="bbox 113 2846 1290 3443">
     <span class='ocr_line' id='line_1_25' title="bbox 216 2846 1289 2935; baseline 0.007 -29"><span class='ocrx_word' id='word_1_199' title='bbox 216 2848 376 2923; x_wconf 89' lang='lat' dir='ltr'><strong>debemus,</strong></span> <span class='ocrx_word' id='word_1_200' title='bbox 396 2846 477 2907; x_wconf 89' lang='lat' dir='ltr'><strong>illam</strong></span> <span class='ocrx_word' id='word_1_201' title='bbox 501 2848 704 2929; x_wconf 88' lang='lat' dir='ltr'><strong>quaestionem</strong></span> <span class='ocrx_word' id='word_1_202' title='bbox 728 2868 781 2909; x_wconf 92' lang='lat' dir='ltr'><strong>suo</strong></span> <span class='ocrx_word' id='word_1_203' title='bbox 802 2849 867 2910; x_wconf 90' lang='lat' dir='ltr'><strong>iure</strong></span> <span class='ocrx_word' id='word_1_204' title='bbox 889 2847 1072 2929; x_wconf 87' lang='lat' dir='ltr'><strong>propositam</strong></span> <span class='ocrx_word' id='word_1_205' title='bbox 1095 2852 1175 2926; x_wconf 85' lang='lat' dir='ltr'><strong>esse,</strong></span> <span class='ocrx_word' id='word_1_206' title='bbox 1207 2854 1289 2935; x_wconf 90' lang='lat' dir='ltr'><strong>quod</strong></span> 
     </span>
     <span class='ocr_line' id='line_1_26' title="bbox 215 2951 1290 3034; baseline 0.006 -22"><span class='ocrx_word' id='word_1_207' title='bbox 215 2951 322 3012; x_wconf 92' lang='lat' dir='ltr'><strong>summi</strong></span> <span class='ocrx_word' id='word_1_208' title='bbox 345 2951 486 3013; x_wconf 88' lang='lat' dir='ltr'><strong>momenti</strong></span> <span class='ocrx_word' id='word_1_209' title='bbox 509 2951 550 3013; x_wconf 89' lang='lat' dir='ltr'><strong>sit</strong></span> <span class='ocrx_word' id='word_1_210' title='bbox 571 2951 737 3016; x_wconf 60' lang='lat' dir='ltr'><strong>diiudicare.</strong></span> <span class='ocrx_word' id='word_1_211' title='bbox 755 2953 827 3034; x_wconf 89' lang='lat' dir='ltr'><strong>quid</strong></span> <span class='ocrx_word' id='word_1_212' title='bbox 856 2953 903 3015; x_wconf 87' lang='lat' dir='ltr'><strong>sit.</strong></span> <span class='ocrx_word' id='word_1_213' title='bbox 922 2961 974 3016; x_wconf 88' lang='lat' dir='ltr'><strong>aut</strong></span> <span class='ocrx_word' id='word_1_214' title='bbox 996 2953 1125 3016; x_wconf 81' lang='lat' dir='ltr'><strong>Graecae</strong></span> <span class='ocrx_word' id='word_1_215' title='bbox 1153 2962 1207 3018; x_wconf 89' lang='lat' dir='ltr'><strong>aut</strong></span> <span class='ocrx_word' id='word_1_216' title='bbox 1227 2957 1290 3018; x_wconf 84' lang='lat' dir='ltr'><strong>Bo·</strong></span> 
     </span>
     <span class='ocr_line' id='line_1_27' title="bbox 113 3038 1289 3139; baseline 0.01 -28"><span class='ocrx_word' id='word_1_217' title='bbox 113 3038 116 3044; x_wconf 42' lang='lat'><strong><em>¹</em></strong></span> <span class='ocrx_word' id='word_1_218' title='bbox 178 3136 180 3139; x_wconf 12' lang='lat' dir='ltr'>v</span> <span class='ocrx_word' id='word_1_219' title='bbox 214 3073 318 3133; x_wconf 79' lang='lat' dir='ltr'><strong>mapae</strong></span> <span class='ocrx_word' id='word_1_220' title='bbox 340 3055 465 3132; x_wconf 78' lang='lat' dir='ltr'><strong>originis</strong></span> <span class='ocrx_word' id='word_1_221' title='bbox 487 3055 519 3116; x_wconf 92' lang='lat' dir='ltr'><strong>in</strong></span> <span class='ocrx_word' id='word_1_222' title='bbox 542 3055 703 3116; x_wconf 85' lang='lat' dir='ltr'><strong>comoediis</strong></span> <span class='ocrx_word' id='word_1_223' title='bbox 726 3056 891 3118; x_wconf 77' lang='lat' dir='ltr'><strong>Plautinis?</strong></span> <span class='ocrx_word' id='word_1_224' title='bbox 935 3054 1083 3121; x_wconf 80' lang='lat' dir='ltr'><strong>Quoniam</strong></span> <span class='ocrx_word' id='word_1_225' title='bbox 1105 3064 1203 3121; x_wconf 85' lang='lat' dir='ltr'><strong>autom</strong></span> <span class='ocrx_word' id='word_1_226' title='bbox 1226 3081 1289 3122; x_wconf 86' lang='lat' dir='ltr'><strong>una</strong></span> 
     </span>
     <span class='ocr_line' id='line_1_28' title="bbox 213 3157 1285 3242; baseline 0.008 -25"><span class='ocrx_word' id='word_1_227' title='bbox 213 3157 423 3239; x_wconf 85' lang='lat' dir='ltr'><strong>disquisitione</strong></span> <span class='ocrx_word' id='word_1_228' title='bbox 446 3159 545 3219; x_wconf 90' lang='lat' dir='ltr'><strong>omnia</strong></span> <span class='ocrx_word' id='word_1_229' title='bbox 571 3160 609 3218; x_wconf 88' lang='lat' dir='ltr'><strong>ad</strong></span> <span class='ocrx_word' id='word_1_230' title='bbox 629 3160 706 3221; x_wconf 91' lang='lat' dir='ltr'><strong>hano</strong></span> <span class='ocrx_word' id='word_1_231' title='bbox 728 3180 790 3220; x_wconf 87' lang='lat' dir='ltr'><strong>rem</strong></span> <span class='ocrx_word' id='word_1_232' title='bbox 813 3163 980 3239; x_wconf 86' lang='lat' dir='ltr'><strong>spectantia</strong></span> <span class='ocrx_word' id='word_1_233' title='bbox 1001 3181 1175 3242; x_wconf 80' lang='lat' dir='ltr'><strong>persumere</strong></span> <span class='ocrx_word' id='word_1_234' title='bbox 1198 3184 1285 3226; x_wconf 92' lang='lat' dir='ltr'><strong>nemo</strong></span> 
     </span>
     <span class='ocr_line' id='line_1_29' title="bbox 212 3261 1285 3348; baseline 0.009 -28"><span class='ocrx_word' id='word_1_235' title='bbox 212 3266 320 3337; x_wconf 86' lang='lat' dir='ltr'><strong>potest,</strong></span> <span class='ocrx_word' id='word_1_236' title='bbox 344 3261 481 3341; x_wconf 89' lang='lat' dir='ltr'><strong>equidem</strong></span> <span class='ocrx_word' id='word_1_237' title='bbox 498 3261 570 3322; x_wconf 89' lang='lat' dir='ltr'><strong>mihi</strong></span> <span class='ocrx_word' id='word_1_238' title='bbox 594 3268 628 3323; x_wconf 88' lang='lat' dir='ltr'><strong>ut</strong></span> <span class='ocrx_word' id='word_1_239' title='bbox 650 3263 762 3345; x_wconf 92' lang='lat' dir='ltr'><strong>aliquid</strong></span> <span class='ocrx_word' id='word_1_240' title='bbox 783 3265 946 3343; x_wconf 84' lang='lat' dir='ltr'><strong>proferrem</strong></span> <span class='ocrx_word' id='word_1_241' title='bbox 968 3267 1112 3337; x_wconf 84' lang='lat' dir='ltr'><strong>hocloco</strong></span> <span class='ocrx_word' id='word_1_242' title='bbox 1135 3269 1285 3348; x_wconf 83' lang='lat' dir='ltr'><strong>proposui,</strong></span> 
     </span>
     <span class='ocr_line' id='line_1_30' title="bbox 211 3364 1075 3443; baseline 0.006 -20"><span class='ocrx_word' id='word_1_243' title='bbox 211 3374 260 3424; x_wconf 82' lang='lat' dir='ltr'><strong>res</strong></span> <span class='ocrx_word' id='word_1_244' title='bbox 282 3365 318 3423; x_wconf 90' lang='lat' dir='ltr'><strong>ad</strong></span> <span class='ocrx_word' id='word_1_245' title='bbox 342 3364 494 3424; x_wconf 78' lang='lat' dir='ltr'><strong>historiam</strong></span> <span class='ocrx_word' id='word_1_246' title='bbox 517 3365 683 3426; x_wconf 84' lang='lat' dir='ltr'><strong>fabularem</strong></span> <span class='ocrx_word' id='word_1_247' title='bbox 706 3364 875 3443; x_wconf 76' lang='lat' dir='ltr'><strong>spectantes</strong></span> <span class='ocrx_word' id='word_1_248' title='bbox 897 3369 1075 3430; x_wconf 86' lang='lat' dir='ltr'><strong>examinare.</strong></span> 
     </span>
    </p>

    <p class='ocr_par' dir='ltr' id='par_1_10' title="bbox 297 3466 1284 3555">
     <span class='ocr_line' id='line_1_31' title="bbox 297 3466 1284 3555; baseline 0.01 -29"><span class='ocrx_word' id='word_1_249' title='bbox 297 3466 475 3546; x_wconf 87' lang='lat' dir='ltr'><strong>Priusquam</strong></span> <span class='ocrx_word' id='word_1_250' title='bbox 497 3474 595 3528; x_wconf 87' lang='lat' dir='ltr'><strong>autem</strong></span> <span class='ocrx_word' id='word_1_251' title='bbox 619 3471 655 3528; x_wconf 95' lang='lat' dir='ltr'><strong>ad</strong></span> <span class='ocrx_word' id='word_1_252' title='bbox 677 3469 760 3555; x_wconf 91' lang='lat' dir='ltr'><strong>ipsos</strong></span> <span class='ocrx_word' id='word_1_253' title='bbox 774 3468 864 3543; x_wconf 89' lang='lat' dir='ltr'><strong>locos,</strong></span> <span class='ocrx_word' id='word_1_254' title='bbox 887 3469 939 3551; x_wconf 91' lang='lat' dir='ltr'><strong>qui</strong></span> <span class='ocrx_word' id='word_1_255' title='bbox 963 3471 999 3531; x_wconf 91' lang='lat' dir='ltr'><strong>ad</strong></span> <span class='ocrx_word' id='word_1_256' title='bbox 1022 3473 1177 3534; x_wconf 75' lang='lat' dir='ltr'><strong>historiam</strong></span> <span class='ocrx_word' id='word_1_257' title='bbox 1199 3476 1284 3535; x_wconf 84' lang='lat' dir='ltr'><strong>labu-</strong></span> 
     </span>
    </p>
   </div>
   <div class='ocr_carea' id='block_1_10' title="bbox 88 3567 1281 3655">
    <p class='ocr_par' dir='ltr' id='par_1_11' title="bbox 88 3567 1281 3655">
     <span class='ocr_line' id='line_1_32' title="bbox 88 3567 1281 3655; baseline 0.011 -30"><span class='ocrx_word' id='word_1_258' title='bbox 88 3636 90 3641; x_wconf 68' lang='lat'><strong>,</strong></span> <span class='ocrx_word' id='word_1_259' title='bbox 119 3624 120 3629; x_wconf 71' lang='grc'>,</span> <span class='ocrx_word' id='word_1_260' title='bbox 210 3567 303 3628; x_wconf 88' lang='lat' dir='ltr'><strong>larem</strong></span> <span class='ocrx_word' id='word_1_261' title='bbox 325 3574 470 3646; x_wconf 89' lang='lat' dir='ltr'><strong>spectant,</strong></span> <span class='ocrx_word' id='word_1_262' title='bbox 492 3571 713 3632; x_wconf 88' lang='lat' dir='ltr'><strong>adumbrandos</strong></span> <span class='ocrx_word' id='word_1_263' title='bbox 734 3572 909 3648; x_wconf 87' lang='lat' dir='ltr'><strong>accedimus,</strong></span> <span class='ocrx_word' id='word_1_264' title='bbox 932 3575 1076 3634; x_wconf 90' lang='lat' dir='ltr'><strong>nonnulla</strong></span> <span class='ocrx_word' id='word_1_265' title='bbox 1096 3577 1281 3655; x_wconf 86' lang='lat' dir='ltr'><strong>praemoneri</strong></span> 
     </span>
    </p>
   </div>
   <div class='ocr_carea' id='block_1_11' title="bbox 132 3670 1349 3958">
    <p class='ocr_par' dir='ltr' id='par_1_12' title="bbox 132 3670 1349 3958">
     <span class='ocr_line' id='line_1_33' title="bbox 132 3670 1282 3755; baseline 0.01 -26"><span class='ocrx_word' id='word_1_266' title='bbox 132 3686 134 3691; x_wconf 78' lang='grc'>’</span> <span class='ocrx_word' id='word_1_267' title='bbox 210 3671 290 3731; x_wconf 89' lang='lat' dir='ltr'><strong>haud</strong></span> <span class='ocrx_word' id='word_1_268' title='bbox 314 3691 332 3731; x_wconf 96' lang='lat' dir='ltr'><strong>a</strong></span> <span class='ocrx_word' id='word_1_269' title='bbox 353 3690 386 3731; x_wconf 87' lang='lat' dir='ltr'><strong>re</strong></span> <span class='ocrx_word' id='word_1_270' title='bbox 408 3671 473 3732; x_wconf 82' lang='lat' dir='ltr'><strong>fore</strong></span> <span class='ocrx_word' id='word_1_271' title='bbox 500 3670 597 3733; x_wconf 84' lang='lat' dir='ltr'><strong>visum</strong></span> <span class='ocrx_word' id='word_1_272' title='bbox 627 3681 680 3736; x_wconf 84' lang='lat' dir='ltr'><strong>cst.</strong></span> <span class='ocrx_word' id='word_1_273' title='bbox 732 3673 908 3736; x_wconf 79' lang='lat' dir='ltr'><strong>Tractentur</strong></span> <span class='ocrx_word' id='word_1_274' title='bbox 929 3677 1008 3736; x_wconf 90' lang='lat' dir='ltr'><strong>enim</strong></span> <span class='ocrx_word' id='word_1_275' title='bbox 1031 3676 1076 3738; x_wconf 89' lang='lat' dir='ltr'><strong>illi</strong></span> <span class='ocrx_word' id='word_1_276' title='bbox 1104 3697 1221 3755; x_wconf 79' lang='lat' dir='ltr'><strong>versus,</strong></span> <span class='ocrx_word' id='word_1_277' title='bbox 1250 3681 1282 3741; x_wconf 93' lang='lat' dir='ltr'><strong>in</strong></span> 
     </span>
     <span class='ocr_line' id='line_1_34' title="bbox 209 3771 1349 3875; baseline 0.013 -42"><span class='ocrx_word' id='word_1_278' title='bbox 209 3774 318 3853; x_wconf 91' lang='lat' dir='ltr'><strong>quibus</strong></span> <span class='ocrx_word' id='word_1_279' title='bbox 340 3792 485 3854; x_wconf 88' lang='lat' dir='ltr'><strong>personae</strong></span> <span class='ocrx_word' id='word_1_280' title='bbox 506 3776 672 3837; x_wconf 86' lang='lat' dir='ltr'><strong>cotidianae</strong></span> <span class='ocrx_word' id='word_1_281' title='bbox 696 3779 775 3839; x_wconf 87' lang='lat' dir='ltr'><strong>vitae</strong></span> <span class='ocrx_word' id='word_1_282' title='bbox 806 3771 1026 3856; x_wconf 87' lang='lat' dir='ltr'><strong>componuntnr</strong></span> <span class='ocrx_word' id='word_1_283' title='bbox 1053 3802 1118 3843; x_wconf 92' lang='lat' dir='ltr'><strong>oum</strong></span> <span class='ocrx_word' id='word_1_284' title='bbox 1140 3783 1283 3875; x_wconf 80' lang='lat' dir='ltr'><strong>heroibus</strong></span> <span class='ocrx_word' id='word_1_285' title='bbox 1347 3845 1349 3849; x_wconf 87' lang='grc'>,</span> 
     </span>
     <span class='ocr_line' id='line_1_35' title="bbox 207 3875 1283 3958; baseline 0.014 -23"><span class='ocrx_word' id='word_1_286' title='bbox 207 3875 258 3935; x_wconf 86' lang='lat' dir='ltr'><strong>vel</strong></span> <span class='ocrx_word' id='word_1_287' title='bbox 279 3876 346 3938; x_wconf 88' lang='lat' dir='ltr'><strong>aliis</strong></span> <span class='ocrx_word' id='word_1_288' title='bbox 361 3879 560 3957; x_wconf 78' lang='lat' dir='ltr'><strong>mythologice</strong></span> <span class='ocrx_word' id='word_1_289' title='bbox 579 3880 683 3958; x_wconf 85' lang='lat' dir='ltr'><strong>figuris</strong></span> <span class='ocrx_word' id='word_1_290' title='bbox 706 3884 794 3943; x_wconf 89' lang='lat' dir='ltr'><strong>rebus</strong></span> <span class='ocrx_word' id='word_1_291' title='bbox 817 3902 918 3943; x_wconf 91' lang='lat' dir='ltr'><strong>eorum</strong></span> <span class='ocrx_word' id='word_1_292' title='bbox 941 3884 1053 3946; x_wconf 90' lang='lat' dir='ltr'><strong>oomioe</strong></span> <span class='ocrx_word' id='word_1_293' title='bbox 1075 3884 1192 3947; x_wconf 87' lang='lat' dir='ltr'><strong>collatis</strong></span> <span class='ocrx_word' id='word_1_294' title='bbox 1215 3908 1283 3950; x_wconf 90' lang='lat' dir='ltr'><strong>eum</strong></span> 
     </span>
    </p>
   </div>
   <div class='ocr_carea' id='block_1_12' title="bbox 208 3984 1282 4167">
    <p class='ocr_par' dir='ltr' id='par_1_13' title="bbox 208 3984 1282 4167">
     <span class='ocr_line' id='line_1_36' title="bbox 277 3984 1282 4083; baseline 0.012 -21"><span class='ocrx_word' id='word_1_295' title='bbox 277 4008 302 4080; x_wconf 84' lang='lat'><strong>1)</strong></span> <span class='ocrx_word' id='word_1_296' title='bbox 321 4015 358 4064; x_wconf 86' lang='lat' dir='ltr'><strong>sio</strong></span> <span class='ocrx_word' id='word_1_297' title='bbox 374 4015 441 4065; x_wconf 74' lang='lat' dir='ltr'><strong>onim</strong></span> <span class='ocrx_word' id='word_1_298' title='bbox 453 3984 610 4065; x_wconf 82' lang='lat' dir='ltr'><strong>scribendum</strong></span> <span class='ocrx_word' id='word_1_299' title='bbox 627 4024 666 4067; x_wconf 85' lang='lat' dir='ltr'><strong>est</strong></span> <span class='ocrx_word' id='word_1_300' title='bbox 683 4018 768 4067; x_wconf 89' lang='lat' dir='ltr'><strong>codice</strong></span> <span class='ocrx_word' id='word_1_301' title='bbox 779 4019 943 4068; x_wconf 64' lang='lat' dir='ltr'><strong>ambrosiano</strong></span> <span class='ocrx_word' id='word_1_302' title='bbox 962 4021 1038 4083; x_wconf 84' lang='lat' dir='ltr'><strong>duos;</strong></span> <span class='ocrx_word' id='word_1_303' title='bbox 1056 4036 1130 4083; x_wconf 77' lang='lat' dir='ltr'><strong>quam</strong></span> <span class='ocrx_word' id='word_1_304' title='bbox 1148 4023 1282 4075; x_wconf 80' lang='lat' dir='ltr'><strong>lectionem</strong></span> 
     </span>
     <span class='ocr_line' id='line_1_37' title="bbox 208 4095 983 4167; baseline 0.012 -21"><span class='ocrx_word' id='word_1_305' title='bbox 208 4095 326 4148; x_wconf 77' lang='lat' dir='ltr'><strong>Gestatus</strong></span> <span class='ocrx_word' id='word_1_306' title='bbox 342 4105 368 4149; x_wconf 84' lang='lat' dir='ltr'><strong>st</strong></span> <span class='ocrx_word' id='word_1_307' title='bbox 384 4100 476 4150; x_wconf 73' lang='lat' dir='ltr'><strong>Laeva</strong></span> <span class='ocrx_word' id='word_1_308' title='bbox 492 4100 519 4150; x_wconf 91' lang='lat' dir='ltr'><strong>in</strong></span> <span class='ocrx_word' id='word_1_309' title='bbox 537 4102 641 4167; x_wconf 79' lang='lat' dir='ltr'><strong>Poenuli</strong></span> <span class='ocrx_word' id='word_1_310' title='bbox 658 4104 767 4153; x_wconf 80' lang='lat' dir='ltr'><strong>editions</strong></span> <span class='ocrx_word' id='word_1_311' title='bbox 784 4098 983 4166; x_wconf 76' lang='lat' dir='ltr'><strong>adsumpserunt.</strong></span> 
     </span>
    </p>
   </div>
   <div class='ocr_carea' id='block_1_13' title="bbox 0 0 1404 4684">
    <p class='ocr_par' dir='ltr' id='par_1_14' title="bbox 0 0 1404 4684">
     <span class='ocr_line' id='line_1_38' title="bbox 0 0 1404 4684; baseline 0 4"><span class='ocrx_word' id='word_1_312' title='bbox 0 0 1404 4684; x_wconf 95' lang='lat' dir='ltr'><strong> </strong></span> 
     </span>
    </p>
   </div>
  </div>
 </body>
</html>
