2800 4684
575 275 790 341 „17-

232 425 300 494 Qus
312 426 345 488 in
367 427 567 507 descriptione
587 429 665 492 ludit
678 430 785 492 Euclio
799 431 953 508 hiisdem,
975 432 1152 512 Geryonem,
1167 438 1223 494 Ar-

147 550 217 609 gum
231 530 284 591 Ius
298 531 459 604 custodem,
482 530 719 593 Corinthiensem
733 534 857 595 iontem.
886 539 987 616 Atque
1002 536 1091 617 coqui
1105 553 1224 614 compe·

146 636 250 694 renim
271 653 337 694 cum
353 633 500 714 Geryone,
516 635 596 715 quod
613 636 698 717 qnasi
714 644 846 698 monstm
859 656 914 698 sex
927 639 1066 699 menibus
1078 638 1226 699 instructo

147 734 255 799 multas
268 755 316 797 ree
337 736 454 796 ecferre
473 744 608 811 possunt.
644 737 812 818 Geryonem
834 740 926 800 fuisse
940 746 1105 801 mononem
1120 731 1225 819 τρισό·

23 920 47 927 ..
148 858 242 916 ματον
262 838 335 899 setis
350 843 454 898 notum
476 845 530 912 eet,
553 839 590 900 ci
611 841 717 916 fragm.
735 841 876 920 Aeschyli
898 841 936 901 ob
950 841 1182 903 Wilemorritxio
1195 841 1224 921 ¹)

40 955 47 969 ·
147 958 187 1000 ex
208 940 330 1001 scholiis
350 941 454 1017 Burin.
476 941 568 1002 Rhesi
590 941 669 1021 (cod.
690 942 795 1021 Mero.)
816 942 946 1004 feliciter
965 943 1154 1020 indagatum:

790 1041 908 1105 ἐκεῖθεν

273 1135 401 1225 όρμτνος
421 1137 599 1226 όρθότερονς
620 1144 697 1224 βοῦς
716 1139 802 1225 ἥίασ’
828 1140 879 1208 ἆτ’
902 1141 1032 1227 ίσχότυν

278 1240 366 1331 ηόιας
388 1242 520 1311 ιότεανόν
541 1243 673 1330 τεροίσας
694 1248 727 1311 ἐν
748 1246 836 1312 σίνται
855 1244 1040 1334 χρυσηίότρι,

280 1345 412 1433 βοτῆρός
432 1347 454 1412 τ’
479 1347 608 1425 οίδίιιους
629 1350 739 1413 ἔκτεινε
759 1346 907 1433 δεσπότην
927 1373 957 1414 τε
979 1353 1099 1436 τρίζυγα

277 1451 331 1517 τόν
351 1455 418 1537 τρία
439 1449 516 1536 δόρη
538 1451 686 1517 πάλλοντα
707 1453 797 1534 χερσί,
820 1457 886 1536 τρία
908 1449 934 1517 d’
956 1458 1097 1516 ΙΑΤΗΣ

278 1552 356 1638 σοίνη
378 1560 543 1639 προτείνων
563 1563 642 1636 τρεῖς
662 1552 687 1618 τ’
709 1557 866 1620 ἐπισσείων
885 1553 1001 1635 λόφους

277 1656 379 1740 iocos
404 1653 469 1733 ίσος
482 1646 567 1742 ”Acri
588 1660 657 1741 βίον
678 1707 735 1724 ...

151 1766 259 1829 deinde
280 1766 383 1830 confer
404 1766 545 1847 Aescbyl
567 1769 671 1844 Agcm.
695 1768 773 1829 870:

305 1866 333 1931 τί
353 1864 382 1931 d'
409 1857 448 1948 ἦν
468 1863 632 1948 τεθνηκός,
655 1861 696 1941 οἷς
718 1863 872 1949 ἐπλήθυον
889 1866 982 1954 ίόγοι,

303 1966 489 2056 τρισώματός
509 1966 563 2033 τόν
585 1967 715 2056 Γηρόοον
736 1966 756 2035 ό
775 1968 912 2057 δεύτερος
932 1996 997 2058 cqc.

151 2080 189 2142 ci.
210 2078 314 2157 Eurip.
336 2076 458 2139 heroni,
481 2081 563 2139 424:

309 2171 362 2240 τόν
383 2169 570 2259 τρισοίματον
591 2169 669 2238 οίσιν
690 2175 762 2237 ἔκτα
783 2170 885 2258 βοτῆρ’
905 2172 1072 2260 Ἐρυθείας.

153 2283 261 2345 deinde
282 2282 320 2345 ci.
343 2281 496 2359 Aristoph.
529 2281 561 2342 in
583 2282 712 2342 Acheru.
739 2287 838 2342 1082:
870 2273 970 2358 βοόίοι
1000 2276 1148 2360 μάχεσθον
1172 2286 1232 2362 Γη·

153 2378 248 2471 ρυόνη
263 2383 442 2468 τετραπτίλῳ
452 2389 483 2444 et
493 2381 584 2443 schol.
599 2384 636 2442 ed
649 2384 677 2443 h.
693 2382 729 2444 l.:
743 2372 762 2441 ό
776 2377 832 2464 γὰρ
845 2377 1012 2462 Γηρυόνης,
1028 2371 1067 2445 οὗ
1082 2380 1230 2467 ἐμνήσθη,

154 2485 331 2568 τρικέφαλος
352 2507 415 2566 eqs.
437 2492 500 2547 tum
523 2485 680 2562 Ephippue
703 2486 831 2546 comicus
853 2486 982 2547 Greeouo
1003 2489 1124 2566 scripsit
1144 2490 1231 2549 iebu·
1319 2503 1325 2519 ·

155 2587 213 2644 lom
238 2578 406 2662 Ιηρυόνην.
450 2582 587 2661 Denique
611 2581 763 2657 Geryones
793 2582 889 2660 qualis
919 2583 1064 2642 hocloco
1087 2583 1232 2643 describi-

155 2689 213 2758 tur,
243 2689 331 2744 notus
352 2682 441 2743 etiem
464 2688 571 2742 estex
591 2682 719 2742 resculis
740 2681 829 2759 pictis
852 2683 932 2742 heud
955 2684 1073 2761 poncio,
1104 2699 1231 2766 qnorum
1350 2743 1352 2747 ,

155 2785 300 2849 nonnulis
330 2785 477 2863 Aeschylo
500 2783 636 2866 eequnlie
657 2791 743 2859 sunt,
772 2805 832 2867 quc
853 2805 893 2847 ex
915 2792 1105 2866 recuperet,
1137 2789 1232 2850 Athe·
1336 2818 1341 2828 ·

156 2890 277 2952 nienses
318 2890 486 2970 Geryonem
523 2888 713 2965 trigeminum
751 2888 926 2964 credidisse,
965 2909 1145 2972 quemquem
1182 2891 1232 2953 vir

156 2993 262 3057 summi
281 2969 315 3054 in
337 2991 384 3071 his
413 2992 502 3052 rebus
522 2990 624 3052 iudicii
647 2990 802 3053 Loesohke
824 2993 856 3053 in
885 2992 996 3053 eximie
1018 2994 1231 3074 disputatione,

156 3118 244 3181 quem
275 3097 311 3157 do
341 3095 470 3158 resculis
493 3095 656 3156 Minervam
690 3101 859 3158 noscentem
892 3096 1105 3160 exhibentibus
1135 3116 1232 3177 nuper

156 3201 257 3277 edidit,
281 3199 436 3262 oblocutus
458 3202 505 3260 est
526 3216 625 3260 errore
647 3199 762 3262 ductus.
795 3201 852 3261 Sed
875 3221 913 3262 ne
936 3202 1008 3285 quid
1030 3200 1164 3263 omisisse
1184 3201 1232 3265 vi·

158 3309 235 3384 deor,
259 3299 481 3388 coquue'etiem
505 3302 537 3363 in
552 3323 630 3366 nove
653 3306 804 3367 comoedia
824 3306 975 3368 confertur
997 3327 1063 3369 cum
1081 3304 1232 3383 monstris,
1384 3380 1385 3387 η

158 3413 237 3496 quod
259 3410 381 3487 colliges
403 3427 442 3468 ex
463 3406 590 3469 Philem.
611 3410 668 3488 frg.
693 3406 748 3470 40b
775 3407 909 3489 (Mein.):
986 3454 989 3460 -
1052 3440 1054 3445 .

157 3547 361 3565 μ

397 3613 467 3675 Quos
483 3612 518 3662 mi
535 3613 688 3665 interbibere
706 3614 767 3676 sole,
785 3615 807 3665 si
823 3615 884 3666 vino
901 3622 989 3679 recht,

396 3699 595 3753 corinthiensem
613 3716 677 3763 eqo..
902 3755 904 3759 ,

159 3795 207 3847 Sed
225 3793 254 3843 ‘si
270 3791 331 3841 rino
347 3785 436 3838 eosut'
452 3787 610 3837 referendum
629 3794 734 3837 estnon
751 3789 783 3837 sd
801 3789 944 3852 tibicinem,
962 3805 1048 3841 verum
1065 3791 1098 3841 sd
1116 3792 1227 3855 iontem3

158 3895 216 3933 nem
231 3880 253 3927 ei
270 3877 316 3926 ilie
331 3874 437 3935 tibicine
453 3878 534 3922 mist
550 3874 618 3935 vino,
635 3873 723 3923 bibere
741 3888 791 3922 uon
808 3876 916 3938 emplius
933 3880 1023 3939 potest.

227 3965 253 4027 d)
270 3962 303 4011 ei.
320 3960 418 4009 dissert
435 3960 468 4009 de
485 3958 561 4009 Rhesi
577 3960 680 4010 scholiis
697 3960 723 4009 in
741 3961 815 4011 indie.
835 3962 893 4013 leot.
913 3963 1024 4014 univers·
1048 3961 1229 4027 Gryphieveld

160 4051 276 4120 ιοτητο.

229 4170 231 4177 .
1004 4144 1022 4199 2
1052 4144 1055 4149 >
