2800 4684
580 328 795 398 415-

150 491 188 548 A.
205 487 336 566 Spengel
357 487 404 568 (T.
425 489 467 550 M.
489 487 622 561 Plautus,
645 487 756 562 Kritik,
779 488 930 563 Prosodie,
952 488 1064 552 Metrih
1086 508 1136 566 pg.
1162 488 1226 566 12.)
1343 472 1345 475 ’

150 580 268 652 Nestor
287 592 387 652 finden
415 591 547 663 m'o'ohte‚
577 611 666 652 wcun
694 611 751 651 nur
772 580 982 651 Menaechmus
1003 592 1113 652 vorher
1135 592 1225 669 (933)

149 699 242 755 etwas
271 694 329 756 wie
350 695 461 755 Nestor
493 694 676 770 gesproohen
710 694 793 752 hetta
827 693 899 751 oder
918 693 1033 763 Nestor¹
1056 693 1225 771 uberhaupt

149 795 193 855 als
209 795 376 872 Gegensatn
398 814 436 853 su
456 795 553 854 einom
567 795 756 854 Verriichten
779 795 914 854 denhhar
934 800 1022 857 wire.
1065 796 1126 860 Sco
1146 801 1226 856 errat

148 896 283 971 Brixius,
315 916 382 956 nam
416 896 535 956 silentio
564 896 733 973 praeteriit,
764 897 822 957 hoo
852 896 917 956 loco
940 896 1075 957 Nestoris
1104 897 1223 957 nomine

34 1042 41 1055 .
148 999 359 1076 metonymiam
388 998 548 1074 significari
571 1018 625 1075 pro
648 999 809 1077 sapientia;
838 1007 928 1079 atque
957 1000 1060 1059 eodem
1082 1002 1169 1061 modo
1191 1001 1223 1059 in

148 1106 237 1160 antea
265 1101 383 1160 laudato
405 1120 494 1160 versu
523 1100 606 1180 nihil
621 1102 657 1161 de
680 1101 769 1160 Ulixe
797 1101 952 1162 invenitur
972 1100 1029 1171 nisi
1051 1101 1149 1162 Ulixis
1171 1124 1224 1163 no·

148 1203 229 1261 mine
260 1201 406 1262 contineri
441 1203 652 1280 metonymiam
682 1203 766 1262 socii.
810 1202 886 1261 'l’um
916 1207 1015 1261 autem
1037 1223 1090 1263 cur
1112 1207 1222 1281 opponi

96 1328 98 1333 ’
148 1323 207 1363 non
224 1303 318 1380 possit
333 1304 380 1363 vir
394 1302 513 1380 sapiens
528 1303 633 1363 insano
647 1303 822 1378 intellegere
837 1322 897 1361 non
914 1323 1042 1379 possum.
1064 1306 1221 1366 Nestorem
1297 1312 1300 1315 '

74 1442 77 1449 »
148 1405 279 1464 Homero
302 1411 405 1464 notum
429 1396 553 1481 propter
573 1405 749 1482 sapientiam
770 1404 908 1464 invenias
929 1405 962 1464 in
984 1404 1069 1468 Iliad.
1093 1407 1127 1464 Β.
1144 1408 1223 1469 37οε

281 1500 341 1566 Tris
364 1499 602 1582 ἀπαμειβόμενος
626 1503 762 1584 oporice
784 1503 892 1583 κρέιων
911 1498 1095 1585 Ἀγαμὲνων·

275 1596 295 1683 ἦ
316 1601 377 1684 μὰν
398 1597 462 1666 αὖτ’
485 1601 579 1691 ἀγορῇ
601 1610 696 1690 νικᾷς,
719 1606 814 1686 γέρον,
837 1601 905 1678 υἷας
926 1609 1069 1686 Ἀχαίους.

147 1714 183 1772 ad
213 1733 301 1791 quem
324 1711 420 1771 locum
442 1711 517 1770 illud
539 1710 711 1771 Plautinum
733 1712 809 1770 hene
831 1713 974 1791 quadrat,
1000 1733 1067 1773 nam
1092 1708 1223 1799 ἐνάγορᾷ

147 1834 222 1893 opus
245 1822 309 1874 erat
330 1824 361 1874 et
383 1812 484 1874 multis
506 1813 607 1874 verbis
629 1820 660 1873 et
680 1813 831 1891 sapienter
853 1814 949 1876 dictis.
978 1802 980 1805 ⁵

230 1915 393 1996 Per-paucis
415 1916 571 1977 absolvere
592 1916 663 1976 lieet
685 1917 1030 1995 Amphitruonem,
1060 1941 1137 2001 quac
1158 1931 1222 1986 tota

146 2039 289 2098 expressa
318 2026 364 2083 est
392 2038 431 2079 ex
453 2018 565 2080 Graeco
586 2019 680 2079 fonte.
725 2019 808 2079 Nsm'
822 2019 903 2082 illius
924 2021 1043 2083 fabulae
1065 2045 1222 2104 argumen-

50 2176 52 2179 ,
145 2130 208 2185 tum
231 2125 363 2185 eiusdem
386 2124 465 2183 modi
488 2130 646 2204 astatque
676 2125 795 2184 fabulae
823 2144 918 2186 novae
940 2128 1158 2208 comoediae¹)‚
1190 2132 1222 2192 in

146 2228 256 2308 quibus
278 2246 380 2287 omnes
408 2246 456 2286 res
478 2226 617 2286 Herculis
647 2234 812 2287 tractantur
834 2233 865 2288 et
893 2229 1040 2306 imprimis
1061 2234 1224 2309 exponitur

145 2337 257 2409 quanta
271 2328 472 2389 familiaritate
487 2329 566 2389 inter
580 2348 611 2389 se
626 2328 776 2389 coniuncti
793 2329 905 2392 inerint
919 2338 1057 2409 parentes
1067 2333 1221 2411 Herculis,

147 2432 289 2493 Alcmene
318 2438 349 2493 et
370 2432 588 2509 Amphitruon,
622 2434 659 2492 ad
693 2453 766 2513 quas
797 2435 963 2494 comoedias
994 2439 1220 2499 conscribendas

145 2535 298 2613 provocati
327 2542 398 2596 sunt
425 2541 530 2612 poetae
559 2534 711 2613 Euripidis
739 2537 891 2612 tragoedia
914 2536 1071 2613 Alcmena,
1100 2540 1131 2601 in
1161 2562 1222 2622 qua
1254 2615 1256 2618 Ι

146 2638 292 2698 Hercules
313 2657 387 2714 puer
415 2636 601 2697 introductus
634 2657 697 2698 esse
720 2638 836 2700 dicitur.
881 2642 961 2717 Ergo
981 2643 1143 2703 verisimile
1164 2652 1218 2719 est,

143 2740 173 2798 id
206 2741 285 2818 quod
307 2759 325 2799 s
347 2739 453 2799 Plauto
483 2740 630 2816 prolatum
660 2742 809 2817 pertineat
836 2745 872 2802 ad
903 2745 1063 2805 Herculem
1094 2747 1234 2828 eiusque*

81 2872 83 2877 >
144 2849 299 2920 parentes,
331 2841 460 2902 Graecae
490 2842 615 2919 originis
637 2862 718 2916 esse,
748 2847 920 2922 praesertim
943 2867 1010 2907 oum
1031 2847 1121 2926 poeta
1142 2850 1221 2910 Her·
1251 2924 1253 2928 ι
1300 2898 1303 2903 .

112 2993 116 3002 ,
144 2945 239 3004 culem
262 2943 408 3004 Graecum
439 2944 602 3019 describat,
634 2947 665 3005 id
696 2947 775 3026 quod
804 2947 862 3006 iam
891 2950 962 3009 inde
983 2950 1119 3030 sequitur
1140 2955 1220 3032 quod

145 3067 200 3106 rex
223 3047 319 3107 Creon
351 3052 382 3107 et
403 3045 521 3107 Pterela
550 3037 663 3127 aliique
685 3048 789 3108 Graeci
819 3051 954 3111 homines
983 3052 1127 3113 nominati
1150 3062 1221 3114 sunt
1294 3072 1296 3076 “

144 3149 176 3207 in
205 3148 316 3208 fabula.
367 3154 467 3229 Atque
503 3168 541 3208 ex
571 3169 694 3211 numero
728 3151 905 3213 Graecorum
945 3162 1098 3232 poetarum
1129 3158 1220 3216 comi·

144 3268 244 3310 corum
274 3249 362 3311 etiam
394 3250 643 3329 Amphitruonem
667 3254 836 3332 Archippus
867 3256 1059 3335 conscripsit,
1091 3259 1128 3318 de
1160 3278 1220 3339 qus

145 3352 300 3413 Meineoke
315 3354 345 3421 h.
361 3372 402 3413 or.
423 3354 455 3414 T.
471 3342 490 3413 1³
508 3374 557 3432 pg.
574 3342 635 3415 208
658 3357 842 3434 suspicatur:
864 3366 1069 3435 argumentum
1091 3360 1219 3436 fabulae,

144 3475 322 3537 quamquam
350 3475 367 3516 o
396 3449 571 3534 fragmentis
602 3459 678 3520 nihil
706 3460 832 3536 efficias,
862 3463 917 3522 vix
946 3470 1044 3525 tamen
1069 3463 1218 3526 diversum

50 3610 51 3613 ,
144 3577 209 3620 esse
230 3559 329 3637 potuit
357 3562 394 3620 ab
416 3579 452 3621 so
475 3561 560 3642 quod
577 3563 701 3625 Plautus
724 3563 851 3626 Graecos
881 3571 1016 3656 auctores
1046 3573 1164 3630 secutus
1185 3568 1218 3629 in

145 3663 322 3741 cognomino
349 3665 450 3726 fabula
480 3668 628 3730 mactavit.
674 3671 779 3750 Itaque
802 3669 919 3747 singula
940 3691 1112 3749 persumere
1134 3653 1219 3734 velut

145 3765 280 3829 Creontis
301 3768 380 3845 rogis
401 3768 434 3828 in
455 3789 500 3831 vs.
524 3776 595 3847 850,
626 3771 762 3833 Pterelae
783 3794 826 3835 vs.
851 3777 921 3848 252,
954 3773 1150 3835 Teleboorum
1171 3796 1217 3837 vs.
1262 3836 1266 3844 ,

214 3915 241 3983 1)
258 3936 289 3972 ne
307 3924 398 3974 erroris
414 3939 549 3987 coarguat,
578 3899 684 3977 mediam
710 3943 772 4000 quae
798 3935 902 3978 vocatur
919 3929 1071 3979 comoediam
1089 3929 1150 3979 nihil
1167 3930 1215 3991 nisi
1236 3929 1238 3932 ’

145 4005 216 4054 initis
232 4019 313 4056 novae
329 4011 470 4060 comoedias
488 4012 543 4061 osse
559 4027 664 4083 censoo;
681 4020 814 4076 propteroa
831 4029 880 4064 non
895 4030 1000 4067 ucsrno
1017 4016 1050 4064 sb
1069 4030 1136 4065 nova
1152 4031 1216 4078 quse

145 4098 249 4140 vocatur
266 4095 394 4143 comoedis
403 4097 479 4145 illem
491 4098 603 4147 mediam.
1184 4115 1187 4119 ’
