2800 4684
584 327 628 342 -
669 289 691 358 g
733 325 777 340 .-

146 455 210 510 tum
232 456 264 511 et
283 450 415 512 sdiutum
443 466 520 508 suno
544 453 616 509 bet.
643 467 670 510 a.
691 469 721 508 u
743 468 769 510 o.
791 468 856 509 oum
878 446 986 510 Fulvio
1007 447 1161 510 Nobiliore
1182 446 1214 507 in

147 551 295 614 Aetoliam
324 550 487 628 proieetum
509 568 590 624 esse,
623 556 657 611 ut
678 549 785 611 Plauto
807 549 879 612 vivo
901 551 1013 611 Βοωοο
1044 570 1104 610 non
1127 549 1215 611 valde
1329 623 1331 627 Ι

147 657 278 729 floreret,
300 654 379 714 uude
400 653 543 735 sequitur,
567 672 634 713 eum
655 653 755 714 Pluuti
777 660 875 715 aetate
896 674 956 714 uon
979 659 1039 715 tam
1061 671 1150 730 suepe
1171 653 1215 711 ia·

143 757 232 819 bulas
253 748 358 834 egissess
402 753 518 821 Quibus
539 775 578 815 ex
599 756 687 815 rebus
710 762 849 833 apparet,
876 757 1026 818 Romanos
1047 754 1215 833 tragoedias

148 860 247 938 legere
268 878 327 920 non
349 859 499 937 potuisse,
526 858 605 939 quod
627 875 804 940 quamquem
827 878 846 919 a
866 859 1018 922 eomoodia
1038 859 1075 920 sd
1097 867 1213 936 tragoe-

52 1016 58 1024 .
146 962 224 1022 dium
256 960 475 1036 unianimes,
500 967 610 1022 rumen
645 978 733 1021 nemo
763 960 822 1023 erit
850 963 901 1044 qui
933 962 1023 1024 stulte
1052 962 1213 1024 iudioatum

146 1070 280 1138 oenwet,
309 1084 375 1126 oum
406 1084 467 1126 non
487 1064 606 1141 ignoret
634 1070 665 1125 et
693 1064 875 1140 tragoediam
904 1076 935 1127 et
964 1066 1145 1127 comoediam
1174 1085 1214 1125 ex

144 1166 253 1227 nalem
276 1166 463 1228 inounabulis
491 1172 571 1228 ortus
599 1186 664 1226 esse
693 1186 791 1248 neque
820 1168 915 1228 solum
938 1167 1129 1246 tragoediam,
1161 1186 1212 1228 ve·
1310 1198 1314 1207 ·

141 1288 209 1329 rum
236 1269 326 1331 etium
355 1269 534 1330 oomoediam
562 1269 600 1329 ud
622 1270 745 1331 eandem
772 1287 835 1330 rem
857 1271 1054 1349 spectavisse,
1080 1269 1210 1350 denique

143 1400 188 1416 -
210 1391 309 1454 neque
330 1372 387 1433 hoo
408 1370 505 1433 levius
525 1377 573 1433 est
592 1405 634 1418 -
657 1374 760 1433 eodem
782 1391 892 1451 genere
911 1393 1035 1453 poeseos
1057 1372 1212 1435 eontineri.

227 1475 286 1537 Sed
307 1475 401 1536 alteru
421 1474 517 1537 oritur
537 1473 689 1558 quaestio,
718 1495 788 1535 num
811 1476 937 1537 Romam
960 1475 1077 1538 fabulas
1097 1476 1131 1537 in
1152 1483 1211 1538 tra·

141 1578 257 1656 goediis
277 1588 412 1659 peraeta
429 1578 597 1658 perspioere
611 1577 773 1656 potuerint
817 1576 1002 1662 Quemquam
1024 1581 1127 1659 negari
1150 1600 1210 1642 non

141 1690 260 1761 potest,
289 1682 416 1745 Graeeas
444 1681 559 1744 litteras
591 1683 740 1745 Plautinis
769 1685 952 1763 temporibus
974 1686 1086 1746 Romu
1116 1684 1211 1747 eultus

82 1830 86 1835 »
140 1806 215 1861 esse,
236 1792 336 1848 umen
357 1805 475 1866 semper
495 1786 632 1865 oogitetis
652 1787 752 1864 velim,
773 1787 854 1848 illam
877 1788 1041 1849 litterarum
1064 1788 1210 1866 eoguitio·

141 1908 211 1950 uem
233 1899 265 1952 et
285 1891 422 1953 notitiem
444 1890 564 1952 inistis
585 1891 706 1953 familiis
723 1892 869 1966 floruisse,
892 1893 1054 1973 exquibus
1076 1912 1136 1952 una
1157 1911 1211 1952 no·

92 2054 98 2065 ,
140 1993 255 2055 timim
276 1994 363 2056 nobis
391 2000 438 2056 est
458 2013 532 2072 gens
552 1993 733 2072 Scipionum.
782 1993 820 2055 ni
849 2002 948 2056 sutem
981 1995 1033 2077 qui
1056 1994 1211 2056 Plautinas

139 2097 308 2159 oomoedias
335 2098 524 2176 speotsbunt,
558 2097 626 2158 illas
655 2097 771 2158 fabulas
799 2099 959 2176 speotendo
992 2097 1211 2176 eognosoebant

138 2205 231 2281 etque
251 2201 339 2261 valde
361 2199 505 2261 differunt
524 2200 562 2260 ab
584 2198 628 2260 eis
650 2199 702 2281 qui
724 2200 844 2276 gloriari
866 2207 1029 2279 potuerunt
1050 2219 1082 2261 se
1097 2199 1209 2260 Graeoo

125 2321 224 2363 more
245 2304 386 2364 edueatos
407 2321 480 2364 esse.
523 2306 624 2384 Atque
645 2302 670 2362 si
685 2308 772 2363 erant
792 2303 849 2366 hoo
865 2305 952 2364 modo
966 2303 1106 2377 instituti,
1128 2307 1209 2362 uerte

138 2402 280 2466 libentius
300 2405 417 2468 fabulas
435 2405 516 2484 ipses
531 2405 663 2470 Graeoas
677 2405 816 2484 legerunt
836 2425 924 2487 quum
946 2406 1013 2468 illas
1027 2404 1118 2467 lutino
1140 2423 1206 2464 ver·

136 2526 195 2568 ses
239 2509 322 2569 Adde
344 2509 424 2590 quod
445 2527 543 2590 neque
564 2527 704 2590 umquam
727 2509 840 2570 Romss
867 2509 929 2570 ludi
951 2508 1060 2571 seeuioi
1089 2509 1132 2569 itu
1154 2524 1206 2567 ex·

137 2616 251 2671 stu-uoto
271 2620 357 2673 eruut
377 2617 412 2701 ut
425 2610 561 2686 Athenis,
584 2630 650 2672 oum
672 2631 733 2671 non
754 2630 773 2671 s
794 2611 908 2673 nivibus
929 2612 1206 2691 representarentur

121 2711 269 2789 uiribus,
297 2713 350 2796 qui
371 2716 448 2775 bene
470 2712 579 2777 eruditi
598 2721 697 2790 erunt,
727 2715 779 2775 sed
800 2715 838 2775 ab
859 2713 1056 2777 histrionibus
1076 2711 1206 2775 insultas

135 2822 230 2896 etque
250 2816 315 2877 rudi
337 2816 419 2895 plebi
432 2815 462 2895 ⁸)
484 2814 647 2877 doleetoudi
670 2835 766 2892 eausa,
788 2836 865 2898 quae
886 2817 984 2880 minus
1006 2817 1206 2881 deloetubatur

1 2967 2 2970 ,
135 2916 205 2996 ipss
223 2918 325 2980 fabula
346 2939 434 3003 quum
455 2917 665 2994 histrionibus,
693 2919 745 3003 qui
767 2938 831 2980 eam
853 2922 1108 2999 representubuut
1149 2922 1205 2981 At·

34 3040 54 3047 ’·
137 3039 199 3103 que
220 3021 266 3082 illi
286 3022 367 3100 plebi
390 3040 507 3100 semper
527 3021 654 3097 fabulae,
676 3042 753 3104 quea
768 3023 980 3103 mythologiam
1002 3024 1080 3086 nlius
1100 3021 1205 3102 populi

133 3132 356 3202 sxoerpserunt,
378 3143 475 3186 novoe
496 3131 586 3205 atque
607 3124 758 3186 inauditae
780 3145 845 3187 esso
867 3127 1046 3203 debuerunt,
1076 3136 1108 3189 et
1128 3114 1205 3188 uuus'

133 3226 262 3308 quisque
290 3229 447 3302 eoneedet,
488 3227 578 3289 talem
607 3228 725 3307 plebem
758 3228 831 3289 iam·
846 3229 1059 3309 peyobologioa
1088 3230 1204 3292 ratione
1240 3210 1243 3217 ⁴

134 3329 206 3390 novi
235 3329 350 3412 aliquid
376 3350 437 3392 non
461 3331 561 3392 statim
591 3339 748 3410 penetrare
769 3333 917 3411 potuisse,
947 3335 999 3395 sed
1027 3333 1108 3395 uliud
1137 3352 1204 3395 eum
1261 3407 1263 3410 y

133 3431 194 3492 elio
216 3432 380 3496 misouisse.
423 3432 507 3501 Ques
527 3454 592 3496 oum
615 3435 659 3497 ite
679 3435 755 3510 sint,
783 3436 905 3498 dubium
927 3456 992 3498 esse
1013 3457 1073 3499 non
1095 3442 1204 3515 potest,

132 3534 208 3617 quin
228 3535 283 3596 illu
302 3537 388 3615 plebs
408 3539 543 3599 &mena
573 3538 688 3600 fabulas
711 3538 889 3601 Graeeorum
911 3539 1112 3620 mythologiae
1142 3559 1203 3601 non

133 3637 256 3700 novius
276 3646 514 3729 neque'pruesto
536 3643 646 3702 habere
667 3641 809 3719 potuerit,
831 3661 898 3703 oum
919 3641 952 3703 in
966 3642 1065 3703 Plauti
1088 3661 1203 3703 oomoe·

131 3754 338 3772 Q

202 3805 228 3877 1)
245 3810 279 3859 et.
294 3811 408 3860 liomms.
425 3811 441 3859 l
459 3812 477 3860 1.
501 3812 545 3874 qul
572 3794 632 3860 dielt
648 3813 742 3861 Romu
760 3811 880 3862 amem
906 3812 1034 3862 adsunam
1058 3813 1133 3862 vuldo
1159 3813 1203 3861 tio·
1302 3812 1304 3815 ’

131 3895 221 3946 nisse
269 3910 272 3919 ·
935 3931 939 3939 ,

202 3981 229 4049 t)
244 3983 278 4032 et'.
295 3983 409 4033 liomms.
426 3984 469 4046 qul
487 3967 610 4046 exponit:¹
620 3999 647 4033 ss
664 3999 717 4034 var
733 3987 775 4035 siu
790 3986 929 4046 Publieum,
948 3985 994 4035 nie
1011 4000 1068 4035 men
1085 4000 1113 4035 ss
1130 3986 1203 4035 beate

74 4128 82 4139 .
129 4067 158 4116 is
175 4065 271 4118 Gratis
286 4071 338 4120 ssd
353 4070 701 4134 ummomvonuuuom
719 4072 802 4121 findet.
900 4112 902 4115 .
