2800 4684
634 290 678 304 -
722 256 764 322 53
807 291 851 304 -

207 412 378 475 oouieotura
396 414 510 475 moeret
524 406 636 486 ‘ocelli’,
660 415 765 494 quain
780 433 812 474 re
829 413 915 476 ocelli
930 415 1054 476 eandem
1069 435 1133 476 rem
1147 420 1281 493 opootaut

136 552 138 558 =
163 510 167 518 ’
207 522 296 597 atque
319 535 442 578 amoueo.
486 515 670 596 Quamquam
703 535 813 594 negare
836 537 897 578 non
919 537 1055 596 pomum,
1085 519 1164 578 hano
1184 537 1280 578 emen·

205 619 357 680 dationem
380 639 439 681 non
456 639 544 697 egere
566 619 630 679 veri
646 620 754 696 speeie,
777 641 843 681 oum
859 629 939 682 oerto
953 640 1070 682 amoueo
1084 621 1164 696 regie
1179 627 1280 680 ornate

206 727 238 782 et
257 720 411 784 luxuriose
432 722 618 796 oolereutur,
651 728 751 782 tnmen
773 723 942 799 intelligere
973 742 1106 805 nequeo,
1136 725 1173 783 ad
1195 744 1281 804 quem

205 824 386 886 Antiochum
407 827 466 887 hoo
486 824 673 886 referendum
695 826 751 900 eit,
781 827 973 908 quamobrem
994 809 1203 904 interpretatio
1227 827 1280 887 ite-

204 946 271 986 rum
300 929 420 1003 haeret,
453 928 533 1008 quod
563 932 646 988 vetat
668 927 786 989 Goetaii
816 928 1015 988 oonieoturam
1046 931 1182 1005 probare.
1226 928 1282 987 Sed
1349 955 1351 961 ι

188 1030 369 1092 Muellerus
376 1077 385 1106 ,
417 1036 453 1091 ut
481 1029 582 1091 hiatue
613 1030 785 1106 tolleretur,
816 1049 872 1109 pro
895 1028 988 1091 oeulis
1009 1030 1139 1092 oouieoit
1160 1026 1281 1105 ‘eonlei’,

205 1151 282 1213 quae
311 1135 481 1195 couieoture
508 1132 596 1194 valde
627 1133 700 1194 mihi
731 1134 858 1208 arridet;
877 1142 880 1149 '
896 1134 1040 1194 habemus
1070 1134 1150 1194 euim
1182 1153 1281 1211 regem

205 1234 404 1310 Antiochum,
433 1236 465 1294 iu
489 1256 577 1317 quem
600 1237 699 1296 omnia
720 1237 773 1296 illa
793 1236 964 1298 oonieotura
985 1242 1107 1313 aooepta
1128 1237 1282 1318 quadrant
1360 1242 1363 1253 ‘

204 1337 259 1398 lut
279 1338 331 1399 ille
354 1337 524 1399 Antiochus
538 1339 720 1416 Epiphanes,
744 1340 824 1420 quod
846 1358 1011 1415 cognomen
1033 1358 1051 1398 u
1072 1318 1201 1417 Polybio
1216 1357 1282 1398 ver·

205 1439 280 1501 titur
308 1441 339 1500 iu
370 1439 537 1519 Epimauen
567 1448 691 1519 propter
719 1442 783 1501 eius
816 1460 922 1502 meree.
974 1445 1075 1523 Atque
1104 1440 1190 1500 illum
1221 1445 1281 1501 Au·

204 1542 337 1604 tioohum
368 1541 478 1605 multoe
513 1549 544 1605 et
574 1544 825 1621 praeolariesimoe
855 1563 949 1626 equoe
980 1544 1133 1620 habuieee,
1171 1544 1226 1625 qui
1255 1543 1296 1605 ei¹

170 1670 173 1677 ⁴
204 1666 336 1707 summae
357 1666 444 1709 curae
466 1653 565 1722 erent,
589 1648 712 1726 colligas
734 1666 773 1708 ex
795 1647 906 1708 Granio
929 1647 1099 1722 Ilioiuiano,
1122 1646 1174 1728 qui
1196 1647 1282 1710 dicit:

203 1758 235 1810 et
256 1756 413 1812 aeturooue
441 1771 582 1830 pompam
605 1752 747 1826 duoebat;
770 1752 820 1833 qui
839 1760 1016 1812 ¹aoturoouee
1038 1751 1162 1812 fuerunt
1182 1752 1283 1818 exeol-

203 1854 301 1916 leutea
323 1857 402 1938 equi,
424 1875 493 1916 nam
514 1855 630 1916 Plinius
651 1852 688 1918 h,
705 1876 733 1917 ιι.
758 1855 844 1931 VIII,
868 1850 926 1917 67:
947 1860 960 1916 l
984 1860 1103 1916 narrat:
1123 1855 1158 1916 iu
1178 1857 1282 1917 eadem

137 1940 141 1947 ’
187 1944 354 2037 vHispania
376 1959 507 2023 Gelleioa
538 1980 611 2038 gene
642 1965 689 2022 eet
721 1968 752 2021 et
780 1959 926 2023 Astunioa
955 1959 1057 2042 equini
1089 1959 1210 2039 generis
1240 1994 1282 2008 -

85 2092 112 2141 ‚⁴
204 2063 237 2122 hi
259 2068 329 2127 eunt
360 2086 435 2149 quoa
464 2066 632 2128 thieldonee
661 2085 818 2141 vooamue,
849 2064 963 2126 minore
993 2065 1089 2125 formu
1117 2065 1284 2145 appellatos

166 2234 168 2239 ,
203 2174 382 2246 nuturoouee,
407 2205 447 2218 -
471 2169 601 2249 gignunt
630 2170 739 2252 quibua
762 2190 822 2230 non
844 2168 977 2248 volgaria
999 2168 1031 2229 in
1054 2189 1141 2231 cursu
1163 2173 1282 2248 gradus,

204 2272 255 2331 eed
279 2273 377 2336 mollio
406 2276 523 2338 alterno
554 2295 672 2336 onurum
704 2271 856 2351 explicatu
884 2272 1075 2349 glomeratio,
1097 2272 1175 2334 unde
1197 2275 1285 2357 equie

206 2375 324 2439 tolutim
347 2398 453 2458 oepere
474 2378 612 2440 inoureue
634 2378 762 2439 traditur
783 2383 856 2438 arte.
900 2376 1052 2437 Habemus
1074 2376 1167 2454 igitur
1186 2378 1283 2439 iuter·

119 2477 122 2484 ’
172 2560 174 2567 y
204 2482 402 2557 pretationem
425 2486 501 2545 bene
524 2483 727 2564 quadrantem,
751 2500 929 2562 quamquem
952 2500 987 2541 ea
1008 2488 1129 2558 ueeepta
1150 2486 1283 2543 statuere

202 2602 258 2645 noo
289 2606 364 2665 opuo
393 2595 454 2664 oet,
482 2587 538 2648 hoe
567 2604 672 2647 versus
703 2603 763 2644 uon
786 2603 804 2642 a
824 2584 931 2644 Plauto
961 2584 1103 2664 eoniptoe,
1131 2602 1199 2644 nam
1230 2585 1283 2646 ille

204 2687 371 2751 Antioohue
393 2680 568 2769 llpiphanee¹
588 2708 666 2750 anno
691 2688 752 2747 579
776 2706 801 2746 u.
823 2708 852 2747 u.
875 2706 899 2747 o.
922 2707 1046 2764 regnum
1070 2686 1216 2764 obtinuit,
1248 2697 1282 2750 ut

203 2807 270 2850 eum
294 2791 417 2854 Plautus
440 2794 594 2855 nominare
614 2784 768 2873 'aequalem
792 2810 853 2850 nou
876 2796 991 2868 poeeet,
1013 2808 1085 2867 ergo
1106 2793 1281 2854 retractanti

189 2900 308 2979 poetae
337 2896 487 2957 tribuendi
520 2888 603 2956 aunt·
651 2894 758 2967 uuida
789 2895 866 2976 quod
897 2914 942 2954 vs.
973 2898 1142 2953 ooo-ooo
1172 2895 1282 2957 teletis

87 3016 111 3052 ·,
150 3056 152 3061 ,
202 3015 355 3059 oonnexue
377 2999 592 3061 sententiarum
615 2998 738 3059 minime
759 2998 958 3076 perturbatur.
1001 2998 1097 3058 Immo
1124 2987 1192 3090 inea
1213 2998 1282 3081 qui·

111 3154 112 3158 ,
203 3098 268 3160 dem
291 3101 440 3162 eontentio
461 3100 555 3180 mugio
576 3108 645 3180 epte
667 3101 752 3162 illum
775 3120 913 3162 veroum:

354 3204 526 3285 Hospitium
549 3211 579 3268 te
600 3207 685 3268 aiunt
706 3204 873 3288 quaeritare
893 3198 944 3286 e?
959 3203 1094 3287 quaerito
1142 3275 1144 3279 ἲ
1247 3255 1249 3259 .

201 3304 400 3387 insequuntur
420 3309 485 3372 iuti:
668 3398 670 3404 k

329 3412 435 3491 edepol
457 3434 495 3476 ne
517 3413 591 3476 illud
613 3415 669 3477 tibi
692 3435 811 3493 possum
834 3413 974 3476 festivom
997 3414 1150 3496 cloresseqe.
1178 3418 1180 3421 ’
1280 3410 1283 3414 ’

91 3524 93 3530 “
202 3532 290 3597 quam
314 3515 358 3578 eit

329 3618 360 3681 id
382 3620 426 3682 illi
449 3623 488 3683 mi
511 3623 668 3700 dixerunt,
691 3623 760 3706 quei
783 3642 801 3682 a
822 3640 869 3682 me
890 3622 1030 3683 abierunt
1051 3622 1148 3698 modo,
1258 3705 1263 3714 ἱ

328 3731 359 3785 te
389 3729 557 3807 quaeritare
589 3748 607 3789 e
634 3727 758 3802 mueoie3
789 3747 857 3791 oum¹
884 3725 915 3786 id
943 3726 1002 3785 iam
1031 3724 1105 3786 inuit
1131 3725 1164 3785 in
1194 3738 1282 3790 ento-

200 3823 316 3883 oedenti
339 3843 444 3886 versu:
465 3827 628 3904 hospitium
650 3833 680 3887 te
703 3827 788 3886 uiuut
809 3825 986 3905 quaeritare.
1029 3826 1109 3902 Ergo
1131 3834 1280 3906 quantum

61 3936 64 3945 ⁴
87 3937 89 3942 ’
200 3943 256 4002 ego
277 3923 531 4007 viderepoueum,
553 3949 592 3990 ne
613 3930 670 3991 hoo
691 3927 812 4011 quidem
833 3929 913 4007 oapit
933 3927 1031 4015 Plauti
1052 3933 1189 3989 nentem.
