2800 4684
589 156 899 224 ..25„.

267 310 363 375 πάντα
384 306 441 396 γαλρ
464 307 538 374 ὅσσα
559 307 716 393 teipsum,
747 309 864 375 ἆελδελα
885 306 982 374 πάντα
1004 313 1147 374 riorum.

245 417 341 482 Versu
364 423 424 480 810
441 418 601 499 Chrysalus
615 439 720 482 servus
741 439 760 480 a
775 420 893 482 domino
909 418 1017 484 vinciri
1032 420 1129 499 iussus
1143 418 1236 482 dicit:
1326 453 1329 456 >

334 524 392 599 nh,
414 523 674 602 Bellerophontem
697 530 767 587 tuus
788 543 835 584 me
857 524 931 586 feeit
951 523 1048 586 filius:
1182 528 1184 531 ’

334 630 462 705 Egomet
482 628 607 690 tabellas
628 628 717 691 tetuli
739 637 773 690 nt
793 629 933 690 vinoirsr.

158 751 236 814 quae
251 732 345 794 verba
359 731 515 793 referendo
530 737 601 793 snnt
621 733 658 793 sd
671 731 932 811 Bellerophontem
953 750 972 793 s
986 733 1094 794 Proeto
1109 733 1238 793 Sthene-

158 835 235 897 boea
255 854 350 897 uxore
385 834 562 898 adhortante
589 836 625 896 ad
646 836 782 897 Iobatem
813 836 982 898 incuriam
1013 836 1132 897 missum
1167 854 1236 896 oum

159 938 295 1016 tabellis,
326 939 434 1022 quibus
456 940 553 1001 Iobati
575 940 793 1020 imperabatur,
826 949 860 1003 nt
891 941 1077 1002 interimeret
1103 939 1237 1001 Bellero-

158 1043 312 1121 phontem.
355 1047 455 1126 Atque
477 1044 534 1105 hoo
554 1045 613 1104 iem
636 1063 675 1104 sx
696 1045 811 1106 Homer
832 1045 869 1106 Il.
895 1046 928 1104 Z.
954 1049 1014 1106 160
1036 1063 1099 1125 eqs.
1129 1052 1235 1105 notum

158 1152 351 1210 retraetatnm
374 1152 421 1211 est
441 1149 478 1208 ab
494 1147 636 1226 Euripide
658 1149 689 1209 in
705 1147 893 1210 Stheneboea
914 1147 1075 1227 tragoedia
1119 1130 1237 1207 Deinlle

158 1250 232 1311 satis
261 1250 409 1313 eelebrata
437 1252 678 1330 Bellerophontis
706 1254 769 1313 fata
800 1252 953 1313 nonnullis
980 1251 1109 1314 vasculis
1138 1251 1238 1329 pistis,

158 1373 199 1415 ex
228 1353 338 1435 quibus
366 1374 456 1414 unum
488 1355 700 1415 nominandum
722 1355 857 1430 videtur,
889 1355 968 1436 quod
990 1356 1082 1416 hebet
1104 1354 1239 1415 Bellero·

158 1457 300 1534 phontem
332 1459 462 1520 tabulsm
492 1459 658 1520 tradentem
687 1459 785 1519 Iobati
818 1459 930 1536 piotum
960 1458 998 1519 of.
1028 1457 1142 1531 (lonae,
1173 1476 1238 1518 vas.

159 1558 260 1621 seleot.
284 1559 369 1636 VIII,
393 1565 422 1623 9.
449 1566 474 1622 1.
517 1561 655 1642 Denique
684 1561 756 1623 talia
786 1562 1071 1640 paratrsgodumsne
1093 1580 1153 1622 non
1183 1561 1239 1620 ab·

158 1662 280 1723 horrere
311 1664 349 1724 ab
371 1664 461 1726 attioa
482 1664 650 1727 comoediae
681 1672 806 1743 apparet
827 1684 866 1724 ex
887 1663 1040 1742 Aristoph.
1062 1665 1133 1726 nnb.
1155 1668 1240 1725 2562

428 1750 432 1757 ’
489 1763 537 1827 bel
561 1765 588 1826 τλ
610 1764 775 1843 στέφανονς
797 1764 889 1844 οἴμοι,
912 1760 1081 1848 Σώκρατες,

250 1918 255 1929 .
335 1863 434 1950 ὅσπερ
457 1889 493 1946 με
514 1864 567 1930 τόν
584 1862 762 1948 Ἀθάμανθ’
787 1863 870 1942 ὄντας
891 1864 935 1947 μή
956 1862 1073 1931 θύσετε.
1196 1879 1198 1883 ’
1257 1880 1260 1887 “

157 1973 203 2035 De
225 1972 356 2056 Lyeurgi
378 1974 508 2057 danique
529 1976 680 2046 mentione
703 1975 745 2055 (ν.
771 1977 843 2057 111)
864 1975 903 2037 of.
924 1974 1012 2036 infra.
1040 1986 1043 1991 ’

245 2181 282 2242 In
305 2178 559 2261 captivorum
587 2182 707 2245 fabulae
728 2204 772 2246 vs.
796 2184 858 2244 274
881 2200 974 2245 senex
995 2183 1093 2260 Hegio
1115 2180 1239 2261 sapien-

159 2284 231 2347 tiam
267 2286 346 2348 servi
375 2286 537 2347 sdmiratus
571 2287 658 2348 dioit:
689 2288 845 2365 Eugepse:
877 2288 1012 2347 Thalem
1028 2286 1141 2347 tslento
1172 2305 1237 2345 non

159 2407 253 2450 emam
278 2389 409 2467 Milesio,
440 2409 567 2472 quonum
598 2389 769 2453 conferendi
792 2399 823 2452 et
843 2390 1024 2452 Baoohidum
1045 2409 1148 2454 versus
1173 2394 1236 2450 122
1318 2411 1322 2421 ·

161 2511 234 2571 eqa,
262 2492 313 2552 ubi
335 2493 518 2553 Pistoclerus
548 2514 580 2553 se
602 2494 719 2571 Lydum
750 2495 953 2571 paedagogum
983 2491 1239 2569 sapientissimum

162 2608 280 2667 sempor
300 2592 440 2650 habuisse
462 2593 613 2666 professus
635 2594 694 2650 aitr

267 2692 344 2766 hem,
367 2711 465 2773 quam,
488 2712 506 2752 ο
528 2693 619 2767 Lude,
642 2714 674 2754 es
695 2694 846 2769 barbarus,

268 2814 356 2876 quem
379 2814 434 2873 ego
457 2813 561 2873 sapere
582 2795 675 2856 nimio
697 2797 797 2857 censui
820 2796 997 2877 plusquam
1020 2781 1138 2855 Thales.

160 2904 192 2959 et
213 2887 360 2961 Rudentis
381 2920 410 2961 v.
437 2902 535 2960 1001:
878 2891 885 2903 ⁹

267 3000 329 3063 Tra
349 3002 399 3062 Ite
420 3002 591 3066 enimvero?
613 3002 722 3063 stultus
744 3022 784 3063 es.
829 3002 894 3063 Gn:
915 3003 1003 3063 Salve
1025 3002 1141 3064 Thales.
1236 3048 1238 3052 .

160 3110 192 3165 st
212 3105 349 3165 Pseudol.
373 3109 445 3165 301.
762 3088 764 3093 ⁵

203 3202 302 3269 Emito
325 3207 373 3269 die
394 3227 481 3270 oaeoa
500 3208 600 3270 herols
623 3209 742 3284 olivum,
763 3209 794 3268 id
816 3189 938 3270 vendito
960 3208 1076 3270 oonlata
1097 3206 1162 3268 dis:
1211 3262 1213 3264 ,

203 3312 267 3373 Iam
288 3312 388 3374 herole
410 3312 459 3375 vel
481 3313 625 3374 ducentas
646 3320 773 3392 possunt
793 3313 856 3374 fien'
879 3318 1050 3392 praesentes
1071 3312 1177 3372 minae.

247 3415 331 3482 Quae
352 3418 389 3478 sd
404 3416 526 3486 Thalem
548 3424 681 3495 spectare
702 3418 903 3495 intellegimus
925 3437 964 3478 ex
979 3416 1130 3480 Aristotel
1145 3415 1237 3477 Polit.

160 3521 186 3585 L
219 3527 275 3584 llo
307 3512 374 3584 οἷον
404 3518 456 3582 καὶ
487 3514 519 3583 τὸ
555 3514 656 3583 Θάλεω
686 3523 740 3582 τοῦ
768 3520 935 3600 Μιλησίου·
967 3523 1056 3582 τοῦτο
1089 3512 1145 3602 γάρ
1174 3516 1237 3581 ἔστι

161 3620 334 3705 κατανόημά
359 3648 387 3687 τι
407 3620 650 3706 χρηματιστικόν,
680 3618 739 3685 ἄλλ’
768 3624 871 3709 ἐκείνῳ
893 3622 948 3704 μὲν
969 3619 1020 3686 διαὶ
1049 3618 1103 3702 τήν
1125 3624 1237 3700 σοφλαν

76 3728 80 3738 ’
162 3724 381 3810 operimento,
426 3724 562 3811 τυγχάνει
604 3725 637 3792 ol
677 3723 812 3792 καθόλου
853 3752 879 3791 τι
916 3722 960 3792 ὅν.
1012 3720 1236 3807 κατανοήσαντά

79 3895 84 3905 ,
160 3850 253 3910 φασιν
280 3828 373 3897 oriris
398 3834 504 3897 ἐλαιῶν
531 3831 632 3913 φορὰν
655 3833 797 3913 ἐσομένην
820 3833 853 3896 ἐκ
875 3837 929 3914 τῆς
950 3830 1158 3916 ἀστρολογίας,
1190 3830 1235 3894 ἔτι

78 3986 109 4047 .'
161 3937 306 4016 χειμῶνας
348 3931 434 4011 ὄντος
471 3932 680 4021 εὐπορήσαντα
720 3932 878 4020 χρημάτων
913 3932 1021 4023 α’λίγααν
1056 3932 1237 4019 &pouhebroc
