2800 4684
591 250 806 316 ..454

164 427 251 489 quem
265 408 433 487 profestum
446 414 611 470 ureterum
626 408 806 470 comicorum
820 408 951 469 loetioue
962 411 1106 473 catonem
1118 431 1240 492 eompu-

162 509 265 585 suisse‚
288 511 412 592 quoeris
433 510 606 571 fersdooet
625 511 752 589 pagius:
774 516 806 571 et
826 511 1006 574 Pseudolum
1028 534 1146 598 quoque
1166 537 1240 577 eum

161 612 209 673 his
238 613 312 693 ipsis
342 613 447 673 diebus
475 613 594 693 legisse,
622 633 688 674 meo
717 613 790 673 mihi
820 614 886 674 iure
915 615 1031 676 eouieio
1062 638 1101 678 ex
1128 618 1144 697 S
1175 625 1240 680 50:

162 715 234 797 quid
255 715 289 775 iu
310 715 475 778 levioribus
497 716 612 790 studiis,
635 718 685 777 sed
710 722 810 777 temen
832 715 949 778 seutisl
977 737 1068 799 quoru
1090 722 1242 797 gaudebat

160 818 240 880 belle
270 839 322 880 suo
345 818 460 880 Punieo
482 819 628 895 Naevius,
659 840 748 902 quum
770 819 952 888 Truculento
975 822 1116 897 Plautus,
1147 845 1241 904 quum
1276 812 1278 815 ¹

161 920 324 981 Pseudulo!
380 923 517 982 (lotorum
556 921 644 1003 eoqui
691 941 759 984 euru
797 923 905 983 Medos
946 926 1109 1004 soupemti
1147 946 1240 1007 quum

160 1045 232 1084 nou³
253 1023 345 1085 elieui
372 1023 435 1084 siut
463 1026 502 1085 eb
530 1025 623 1087 uttieu
644 1025 812 1100 eomeediu,
845 1025 986 1087 disoimus
1015 1047 1054 1089 ox
1084 1030 1240 1109 Aristoph.

160 1127 252 1209 equit.
287 1130 383 1188 1821:
424 1119 477 1187 τὸν
507 1128 613 1205 Δῆμον
636 1122 801 1204 deripitur
831 1117 903 1205 ὑμῖν
935 1120 1027 1188 nulio
1055 1126 1086 1202 ἐξ
1114 1128 1240 1212 αἰσχροῦ

161 1229 327 1308 πεποίηκα,
363 1230 399 1290 ud
431 1249 518 1312 quem
551 1250 669 1311 versum
699 1231 824 1291 uduetet
852 1230 1030 1294 scholiasta:
1067 1232 1165 1307 καλῶς
1195 1225 1240 1306 ὦς
1310 1256 1315 1264 ·

121 1330 124 1336 ’
159 1326 299 1416 μάγειρος
322 1326 419 1415 ὥσπερ
442 1324 464 1411 ἦ
486 1328 610 1412 Μήδεια
632 1331 753 1415 λέγεται.
790 1332 951 1396 Praetores
964 1335 1110 1398 hebemus
1132 1337 1238 1418 titulos

158 1439 281 1500 Medsee
303 1438 472 1501 oomoediue
493 1437 692 1519 Antiphuuis‚
717 1437 842 1510 Eubuli,
874 1439 1034 1514 canthari,
1065 1437 1238 1503 Struttidis·

159 1562 234 1624 que,
264 1549 354 1625 etque
376 1542 484 1603 Medea
505 1529 616 1604 mentio
644 1542 801 1615 iuvenitur
827 1541 919 1603 otium
947 1544 980 1604 iu
1011 1543 1122 1605 Eubuli
1154 1546 1237 1623 treg-

158 1653 259 1708 rueuto
282 1646 387 1727 (Mein.
410 1647 470 1708 111.
493 1646 585 1728 260):
1282 1630 1286 1637 ⁴

404 1746 433 1811 el
452 1743 479 1810 δ’
501 1746 612 1833 lylvrro
637 1743 715 1828 suisti
736 1744 812 1832 γυνὴ
835 1743 969 1829 Μήδεια.
1050 1736 1054 1744 ’

157 1856 203 1917 De
225 1874 296 1933 rege
317 1855 426 1918 Inous
447 1854 480 1918 iu
502 1877 592 1921 versu
616 1860 676 1916 193
701 1856 739 1917 ef.
761 1854 851 1918 infru

140 2130 141 2135 ,
226 2067 278 2142 ΙΙιι
309 2066 507 2131 Rudeutis
536 2087 565 2131 r.
595 2070 634 2127 86
665 2086 769 2130 servus
800 2065 851 2150 qui
881 2086 957 2150 quse
986 2074 1096 2130 ventus
1128 2070 1238 2132 leserit

156 2170 292 2250 miretur,
315 2172 403 2234 dieite
1156 2238 1158 2241 .

310 2277 379 2337 Nou
402 2283 510 2339 ventus
532 2275 600 2349 fuit,
622 2295 728 2337 verum
749 2274 912 2337 Aloumeuu
933 2275 1080 2354 Euripidi.
1129 2320 1130 2325 η

243 2382 307 2441 Ium
322 2381 476 2461 Euripidis
491 2400 598 2441 nomeu
623 2378 696 2439 sutis
712 2380 904 2455 demonstret,
926 2380 1005 2441 hsue
1026 2399 1090 2441 rem
1104 2381 1237 2461 pendere
1299 2385 1301 2387 ’

157 2505 196 2546 ex
218 2483 333 2572 Gruseo
355 2485 529 2566 exemplari,
551 2504 621 2546 uem
644 2482 668 2544 si
688 2483 813 2545 Plautus
836 2485 894 2546 heo
914 2483 1090 2564 sumpsisset
1111 2504 1150 2547 ex
1171 2491 1236 2547 trs·
1267 2560 1269 2565 Ι

156 2589 264 2666 goediu
294 2592 513 2664 Romanorum,
552 2593 632 2649 uerte
660 2587 726 2648 loeo
758 2587 912 2666 Euripidis
942 2607 1009 2648 sum
1039 2588 1246 2662 nominasset,

157 2693 208 2774 qui
232 2693 411 2756 Alumeuum'
428 2686 567 2757 verteret.
614 2692 712 2760 Quum
733 2712 795 2753 rem
819 2691 902 2753 ludet
923 2695 1027 2772 postu,
1059 2713 1120 2754 non
1143 2694 1233 2756 iseile

157 2805 204 2859 est
225 2797 397 2877 iutelleetu3
427 2804 517 2882 utque
539 2796 666 2878 primum
690 2804 788 2878 potest
811 2796 920 2881 uliquis
944 2796 1076 2875 cogitare
1099 2799 1135 2860 ds
1157 2804 1229 2860 tem·

108 2934 110 2939 ·
141 2907 281 2985 pestate,
304 2924 392 2988 qusu
408 2904 440 2967 iu
459 2902 679 2996 Amphitruoue
695 2901 836 2965 Plautius
852 2902 919 2984 ipsu
937 2902 1116 2983 desoriptsm
1138 2903 1233 2967 bobes

65 3008 68 3013 ’
156 3007 193 3070 ol.
220 3012 316 3085 10612

472 3134 541 3177 num
562 3112 614 3176 ubi
635 3114 752 3195 pertuis
775 3116 845 3178 deos
868 3078 925 3176 sibi
946 3113 1076 3192 iuroost,

185 3219 337 3301 strepitus,
360 3217 500 3300 erepitus,
524 3218 656 3295 sonitus„
670 3220 801 3282 tonitrus
823 3218 938 3283 subito:
960 3226 995 3281 ut
1016 3239 1142 3300 propere
1164 3227 1199 3282 ut

848 3323 947 3386 selide
968 3324 1085 3387 tonuit,
1184 3372 1187 3379 Α

94 3424 103 3455 ’“
206 3445 209 3451 ’
240 3430 297 3492 Sed
321 3430 545 3508 llugelmeuuus
575 3429 696 3511 (dunel.
731 3429 758 3490 d.
783 3429 889 3491 Iustits
907 3431 988 3490 1872
1018 3449 1066 3507 pg.
1093 3428 1234 3510 14-16)

74 3564 76 3569 ·
156 3556 215 3598 nou
256 3535 321 3596 sine
351 3534 452 3617 sliquu
488 3532 586 3614 speeie
616 3532 839 3612 probabilitatis
877 3533 967 3595 uixus
995 3532 1116 3594 rsseulo
1148 3532 1233 3611 pieto

155 3641 304 3721 exposuit,
327 3638 502 3717 Euripidem
529 3637 658 3715 primum
679 3635 711 3695 iu
739 3635 883 3696 Alemone
904 3636 1081 3710 uerrutisse,
1107 3619 1234 3715 Aiupbi·

155 3750 308 3820 truouem,
340 3748 375 3804 ut
403 3741 526 3822 puniret
556 3759 680 3801 uxorem
710 3738 879 3814 infidelem,
912 3759 977 3799 euru
1007 3741 1232 3801 eombusturum

155 3848 262 3926 fuisse3
290 3848 368 3928 quod
384 3864 436 3917 ue
466 3846 575 3905 t'eoerst
607 3863 674 3902 eum
707 3843 744 3901 sb
766 3842 839 3903 Iove
860 3841 944 3919 ipso,
977 3841 1027 3922 qui
1059 3841 1177 3903 tonitru
1199 3849 1232 3904 et

65 3997 68 4007 ,
92 3980 94 3983 -
134 3947 280 4011 .fulmiuo
302 3967 373 4008 suus
396 3944 583 4025 prseeeutiue
605 3945 723 4021 siguum
746 3943 844 4018 dedit,
871 3943 1046 4022 impeditum
1069 3963 1144 4005 esse.
1182 3945 1233 4005 dd
